2850 4604
200 336 243 400 42
514 350 575 400 vn.
613 339 824 400 odoramnus
845 349 921 400 car.
944 344 972 401 a.

201 526 217 569 a
234 505 331 568 multia
347 523 447 569 amore
463 504 651 586 Graecorum,
673 508 703 569 in
719 509 763 569 eis
778 507 917 577 Socrate;
932 506 1040 588 dequo
1054 507 1231 571 mentionem
1246 509 1289 572 la·

200 593 244 653 cit
260 590 343 653 Plato
361 593 390 652 in
405 593 565 672 symposio.
600 591 732 672 Namque
747 611 812 654 eum
829 592 941 653 induxit
954 603 1238 673 commemorantem,
1253 614 1288 657 se

202 680 395 757 pernoctasse
407 695 471 737 cum
486 677 626 755 Socrate,
647 696 744 756 neque
760 678 847 740 aliter
864 677 900 739 ab
916 695 953 738 eo
969 681 1147 757 surrexisse,
1162 696 1196 740 ac
1209 679 1288 741 lilius

169 775 185 826 3
203 780 219 823 a
234 768 357 842 parente
374 760 519 823 debuerit.
558 761 751 842 Posteaquam
765 763 917 824 robustior
932 771 980 847 est
993 763 1103 841 iactus,
1118 780 1177 826 uon
1192 764 1288 826 minua

202 846 310 907 multos
324 847 441 924 amavit,
456 847 486 907 in
506 864 626 924 quorum
642 864 753 926 amore,
770 846 865 927 quoad
880 846 990 908 licitum
1008 857 1054 909 est
1070 848 1184 926 odiosa,
1200 849 1288 911 multa

200 930 328 992 delicate
352 932 515 1012 iocoseque
535 931 624 992 iecit:
647 950 722 1011 quae
744 933 939 1010 referremus,
959 933 1015 992 nisi
1036 935 1145 994 maiora
1169 935 1304 1012 potiora.

199 1015 382 1077 haberemus.
952 1074 957 1080 .
1048 1042 1055 1057 ·

271 1100 299 1162 3.
321 1098 406 1161 Bello
420 1098 640 1180 Peloponnesio
663 1100 748 1162 huius
761 1101 887 1162 oonsilio
904 1108 992 1180 atque
1007 1101 1289 1166 anctoritate-Athe·

151 1203 189 1244 ne
202 1186 326 1265 uieuses
344 1184 453 1245 bellum
473 1185 662 1262 Syracusanis
680 1184 862 1255 indixerunt;
890 1184 927 1246 ad
948 1186 1025 1264 qnod
1046 1186 1207 1265 gerendum
1220 1189 1288 1267 ipse
1356 1216 1383 1245 v.

203 1271 261 1331 dux
275 1268 408 1331 delectus
427 1277 485 1347 est,
501 1269 558 1331 dno
573 1278 729 1350 practerea
741 1270 876 1349 collegae
887 1270 957 1348 dati,
972 1269 1057 1332 Nicia
1071 1280 1103 1332 et
1116 1269 1285 1334 Lamachus.

166 1362 185 1410 ι2
202 1353 235 1416 ld
254 1372 318 1417 cum
340 1361 546 1433 appararetor,
573 1357 741 1436 priusquam
760 1355 864 1416 classis
887 1356 1002 1433 exiret,
1027 1355 1148 1431 accidit,
1176 1365 1208 1416 ut
1230 1374 1288 1418 una

203 1448 290 1501 nocte
306 1456 408 1500 omues
424 1437 567 1517 Hermae,
590 1441 638 1519 qni
655 1442 685 1500 in
700 1440 810 1519 oppido
826 1448 911 1501 erant
925 1439 1068 1519 Athenis,
1089 1440 1289 1502 delicerentnr

202 1532 322 1603 praeter
338 1539 435 1600 unum,
454 1524 502 1602 qni
518 1532 585 1585 anta
601 1526 713 1584 ianuam
733 1533 797 1586 erat
809 1523 966 1586 Andocidi.
997 1523 1099 1604 ltaque
1113 1525 1165 1587 ille
1181 1534 1288 1606 postea

168 1619 185 1671 3
201 1606 364 1670 llercorius
380 1606 540 1669 Andocidis
556 1610 701 1670 vocitatus
716 1617 771 1670 est.
808 1608 874 1670 lloo
888 1627 952 1670 cum
970 1619 1128 1688 appareret
1146 1627 1205 1672 nou
1222 1610 1287 1672 sine

201 1699 304 1773 magua
318 1691 474 1753 multorum
489 1695 686 1754 consensione
702 1713 771 1755 csso
786 1695 911 1771 iactum,
934 1708 1008 1772 quae
1024 1711 1083 1754 non
1097 1694 1133 1755 ad
1148 1696 1288 1776 privatam

200 1778 255 1841 sed
276 1777 421 1858 publicam
445 1796 508 1839 rem
530 1779 709 1858 pertineret,
730 1797 850 1857 magnus
868 1776 1041 1843 multitudini
1068 1778 1159 1868 rimor
1177 1788 1225 1840 est
1245 1780 1288 1840 ln·

200 1865 307 1942 iectus,
322 1881 359 1925 ue
374 1881 431 1943 qua
443 1864 598 1942 repentina
614 1863 658 1924 vis
673 1864 832 1925 incivitate
845 1864 1018 1941 exsisteret,
1032 1878 1107 1942 quae
1121 1862 1288 1931 libertatern
1336 1885 1345 1896 ·

198 1979 301 2034 welche
316 1978 434 2033 Mdaaer
446 1997 501 2033 von
517 1980 641 2034 reiterem
652 1979 731 2034 Alter
749 2017 754 2027 ·
791 1980 816 2034 3.
839 1979 975 2034 rodaatior
986 1987 1028 2034 ert
1040 1982 1133 2046 sectos
1145 1980 1172 2036 d.
1185 1979 1213 2033 lr.
1226 1995 1288 2034 unm

199 2047 645 2119 harenwncluaendenlrioglingen
664 2049 731 2103 wid-
756 2049 1065 2118 Mennelrerangareilt.
1100 2112 1103 2117 y

200 2125 302 2187 meten,
327 2117 426 2171 tndem·
441 2119 482 2172 sie
502 2119 626 2186 engleiclr
646 2119 730 2172 deren
790 2120 882 2189 quood
901 2116 1005 2174 terem
1031 2127 1071 2173 eet
1096 2120 1190 2172 odioso
1211 2117 1238 2171 d.
1268 2117 1287 2174 i.

199 2187 375 2258 ludrperliche
399 2187 456 2239 und
479 2189 597 2257 geistige
620 2187 731 2241 Ansbil-
756 2189 845 2260 quoed
860 2187 906 2242 tie,
919 2196 963 2241 est
977 2188 1072 2242 odiosa
1084 2189 1201 2242 delicate
1213 2187 1288 2240 ioco·
1387 2232 1393 2242 ,

191 2258 274 2326 dung
292 2272 328 2310 zu
346 2255 524 2311 dberwecden
545 2257 601 2311 und
621 2275 655 2310 uu
673 2257 730 2310 idr-
754 2274 840 2328 aeque
855 2257 932 2324 fieri,
948 2257 1069 2321 ,‚acwcit
1080 2275 1110 2311 ea
1123 2259 1168 2312 bei
1179 2257 1289 2310 anatis·

199 2329 267 2382 dero
281 2326 406 2382 anchten.
431 2325 479 2381 Sic
489 2327 661 2395 begrdndete
672 2327 730 2381 also
756 2329 835 2396 sigen
846 2327 955 2394 Diogen
965 2325 1080 2396 migliolr
1091 2327 1130 2381 iat
1137 2327 1210 2381 “Ja-
1221 2329 1287 2382 deli

199 2399 244 2453 cin
256 2397 315 2451 rein
327 2395 464 2451 aittlichea
478 2396 665 2464 Verludltnisa‚
682 2397 731 2449 des
756 2406 815 2452 cete
832 2398 971 2466 iocoaeqec
993 2397 1067 2461 „nui
1087 2397 1149 2451 aine
1169 2397 1243 2451 feiue
1260 2413 1287 2451 u.

199 2472 251 2521 ndr
268 2466 496 2520 ansuahnraweiss
512 2483 547 2519 au
565 2467 731 2520 Unsittlioh-'
757 2467 866 2536 witzige
880 2465 1005 2534 Weiae“.
1104 2497 1107 2504 ·

198 2538 257 2592 lucit
270 2542 417 2592 anaantete.
432 2537 495 2606 Vgl.
506 2537 598 2590 Praei.
611 2541 629 2589 4
641 2539 732 2591 Laodi
788 2539 897 2606 potiora
914 2535 979 2600 „fiir
989 2533 1251 2604 heuptsichliclrer“.

198 2609 229 2662 ita
251 2607 367 2661 Graecia
389 2607 498 2660 docitur
516 2608 730 2674 adolescentulis,
791 2612 825 2670 3,
840 2609 864 2662 l.
879 2607 962 2660 leuius
975 2607 1086 2658 coneilio
1099 2613 1180 2674 clqate
1194 2616 1288 2659 aucto-

198 2695 279 2749 qaanaa
295 2677 424 2746 plurimos
437 2678 534 2729 tabee
545 2684 687 2730 amatorca.
756 2677 847 2741 ritate,
857 2675 922 2742 frige
930 2676 965 2728 inu
972 2675 1006 2728 Ι).
1017 2674 1287 2742 „bewogcn“hinzo.

232 2749 357 2810 Socrate,
371 2744 440 2797 ohne
450 2744 564 2814 Praipoa.
572 2761 670 2811 wegen
682 2744 730 2796 der
755 2746 823 2799 Waa
832 2745 880 2797 lior
892 2744 938 2796 ein
951 2744 1033 2797 Ablt

198 2833 286 2883 engen
297 2813 474 2880 Verbindnng
486 2813 534 2866 mit
547 2815 670 2881 annuitis,
678 2812 731 2865 wie
791 2816 862 2879 doti,
875 2830 924 2866 aua
936 2822 976 2867 eet
989 2813 1118 2866 entuimna
1129 2821 1203 2866 aunt.

199 2887 228 2949 1,
240 2886 256 2938 3
269 2900 325 2937 non
338 2884 427 2936 minue
442 2885 471 2936 in
482 2885 538 2935 aito
553 2900 634 2952 quom
648 2884 729 2950 victo,
790 2885 886 2948 Nicia,
897 2883 947 2935 der
954 2881 1058 2950 grieeh.
1068 2881 1226 2937 Nominativ
1239 2884 1291 2934 eui

198 2957 228 3018 ³,
240 2955 256 3007 3
272 2958 342 3022 'quoe
352 2969 409 3005 noo
424 2955 461 3005 ad
472 2953 609 3021 priuatum
618 2954 667 3005 ced
676 2970 729 3021 pae-
756 2973 788 3008 cr
801 2951 936 3006 neelndar
952 2956 975 3006 1.
988 2951 1063 3006 Decl.
1078 2952 1165 3006 erhilt
1176 2951 1211 3004 im
1224 2952 1287 3006 Lei.

198 3025 293 3077 dlicnm
309 3039 365 3074 scm
380 3024 536 3091 pertineret.
572 3022 729 3075 Gebrduclr-
755 3023 888 3076 unweilcn
904 3021 949 3074 die
960 3020 1082 3089 Enduug
1095 3040 1120 3074 a.

198 3093 285 3146 liciter
301 3091 380 3143 intes
395 3091 423 3143 in
442 3092 553 3144 solchen
568 3091 664 3145 Fillen
685 3092 729 3145 die
790 3098 816 3150 2.
840 3093 948 3144 Oonatr.
960 3093 1066 3158 occidit,
1076 3100 1116 3154 ut,
1124 3092 1287 3160 priusquam

197 3163 280 3230 Prip.
294 3176 328 3213 nu
340 3160 532 3215 wiederlrolen.
754 3193 788 3202 -
808 3163 905 3226 exiret,
924 3177 982 3214 ana
998 3169 1078 3213 nocte
1092 3188 1137 3214 -.
1162 3161 1287 3227 Hennae,

232 3233 264 3284 de
281 3249 334 3300 quo
346 3231 373 3283 d.
388 3231 408 3287 i.
422 3231 456 3285 de
470 3248 524 3301 qna
535 3248 575 3288 na.
591 3259 625 3272 —
640 3232 727 3300 Picto,
754 3231 855 3284 Sdnlen
870 3230 919 3282 mit
931 3229 991 3281 dem
1007 3228 1100 3296 Kopfe
1116 3228 1164 3280 des
1175 3227 1288 3279 Hermes

198 3301 247 3353 der
267 3301 523 3367 ausgeueiclrnetate
545 3302 659 3356 Schdler
682 3303 731 3355 dea
756 3299 953 3368 (Mercuriua);
965 3295 1288 3361 deiicerentaer„nieder-

197 3371 336 3423 Socrates.
364 3370 436 3424 Eine
450 3371 541 3425 aeiner
557 3371 729 3435 renireienen
755 3370 894 3438 geworlen
907 3367 1054 3421 wurden“.

197 3439 335 3494 Schriiten
345 3458 403 3495 war
413 3442 462 3494 dea
473 3441 543 3495 noch
555 3442 730 3496 vcrhendene
789 3439 922 3491 Andocidi
939 3437 993 3490 wie
1007 3437 1110 3491 Neocli.

197 3507 730 3635 'ttlttzltttttiitffllli
789 3511 952 3632 otto*
965 3506 1288 3631 tillitztlllitl

196 3649 243 3702 llrn
262 3649 303 3714 (in
320 3599 545 3718 diesermgglnriit)
565 3600 730 3720 εἰιιέἒῗῖιὶιη,
755 3666 810 3700 rem
828 3648 932 3715 „nicht
947 3596 1010 3700 ¹gine
1026 3593 1286 3712 Privatanzelegen-

96 3733 104 3782 ·,
197 3719 251 3773 wie
263 3735 293 3771 er
307 3719 446 3786 erailrlt“.
754 3717 820 3780 heic,
831 3717 952 3770 sondern
964 3719 1017 3770 den
1029 3717 1143 3769 Steat“.
1164 3715 1224 3766 Den
1233 3714 1287 3766 lle-

231 3806 318 3858 neque
329 3791 410 3842 aliter
419 3798 468 3843 cet.
478 3787 631 3842 Damitwill
639 3789 727 3844 Alcib.
754 3786 889 3852 lntivaatz,
903 3789 975 3840 fetae
998 3788 1038 3840 ala
1063 3783 1215 3837 Gedauluen
1239 3784 1288 3836 der
1378 3829 1383 3839 .

198 3875 298 3927 sagene
322 3875 351 3911 es
368 3858 436 3910 loebe
458 3859 522 3911 luein
541 3858 669 3925 anderes,
689 3858 729 3911 uls
755 3858 863 3923 lllenge.
1219 3908 1223 3915 ,

198 3930 247 3982 das
270 3929 346 3982 reice
366 3927 540 3981 Verlndltniss
558 3928 606 3981 dea
625 3926 730 3980 Schuca
789 3929 941 3996 repentino,
953 3926 989 3978 irn
997 3925 1032 3978 D.
1042 3920 1215 3977 deeAdverb.
1236 3923 1288 3976 Ot‘t

198 4014 259 4051 annu
284 4000 368 4052 Vater
389 3997 526 4051 uwiaeheu
549 3997 630 4050 idaeo
649 3999 729 4066 obge-
755 3994 1172 4062 iateiuendherelieatinnnuug,
1184 3992 1288 4046 dieder

198 4068 301 4125 inaltet.
755 4067 885 4120 Lateiner
900 4066 941 4119 ela
955 4063 1082 4132 Adiectio
1097 4063 1146 4116 aul
1157 4061 1201 4116 eiu
1215 4060 1287 4115 Sub·
1334 4089 1342 4100 =
