2850 4604
402 369 406 376 -
470 347 542 398 x1v.
579 347 744 399 curuans
767 348 844 404 car.
865 343 890 400 1.
1206 339 1246 402 77

157 503 217 564 thei
234 511 330 564 autem
344 503 512 565 moderatae
534 505 735 585 sapientisque
759 506 837 568 vitae
860 524 923 567 cum
940 505 1082 585 pleraque
1101 509 1246 587 possimus

157 589 297 667 proferre
315 591 492 667 testimonia,
506 606 563 648 uno
579 590 685 650 erimus
697 593 839 667 contenti,
855 591 933 670 quod
945 610 983 651 ex
993 609 1030 652 eo
1043 592 1129 653 facile
1141 594 1247 654 coniici

157 674 280 750 poterit,
296 691 380 752 quam
395 692 478 733 carus
495 675 554 733 suis
574 673 671 734 fuerit.
706 673 775 734 Cum
794 674 918 736 Athenis
933 675 1168 738 adolescentulus
1183 695 1248 741 cau·

157 774 217 815 sam
231 757 361 836 diceret,
382 776 439 818 non
457 758 550 818 solum
570 760 651 818 amici
671 760 837 839 privatique
852 759 985 838 hospites
1003 761 1039 820 ad
1062 780 1127 821 eum
1147 762 1247 822 deien-

157 840 283 901 dendum
298 851 509 919 convenerunt,
526 842 577 902 sed
593 844 680 902 etiam
693 844 723 902 in
739 845 782 903 eis
794 843 892 919 lason,
911 844 1266 923 tyrannus‘Thessaliae,'

156 926 205 1003 qui
224 925 277 986 illo
300 934 434 1005 tempore
456 927 511 986 init
535 929 659 1003 omnium
681 928 910 1005 potentissimus,
943 926 996 987 Hic
1018 946 1081 988 cum
1103 932 1132 989 in
1153 931 1246 1008 patria
1264 944 1279 994 3

158 1010 222 1069 sinc
240 1010 417 1070 satellitibus
432 1030 466 1071 se
480 1019 571 1070 tutum
586 1028 644 1070 non
655 1011 857 1088 arbitraretur,
869 1009 1003 1072 -Athenas
1016 1013 1079 1072 sine
1091 1013 1151 1073 ullo
1162 1030 1246 1091 prae·

157 1092 231 1154 sidio
247 1097 327 1154 venit
347 1096 475 1173 tantique
492 1095 639 1173 hospitem
656 1095 742 1171 iecit,
759 1103 790 1154 ut
804 1095 903 1155 maliet
919 1115 952 1156 se
968 1097 1071 1174 capitis
1086 1097 1246 1175 periculum

155 1177 237 1238 adire
255 1196 338 1256 quam
355 1177 509 1239 Timotheo
528 1177 565 1238 de
586 1179 659 1238 iama
683 1178 826 1239 dimicanti
849 1178 965 1244 deesse.
1002 1179 1083 1241 Hunc
1104 1180 1244 1242 adversus

155 1270 251 1321 tamen
272 1261 442 1322 Timotheus
460 1270 564 1341 postea
581 1263 681 1341 populi
698 1265 778 1323 iussu
798 1263 906 1324 bellum
920 1265 1031 1342 gessit;
1053 1266 1166 1343 patriae
1182 1283 1246 1325 san·

154 1348 247 1406 ctiora
264 1348 325 1407 iura
339 1364 422 1424 quam
436 1346 555 1426 hospitii
571 1366 640 1408 esse
656 1348 744 1408 duxit.
1064 1373 1065 1377 ¹

215 1429 295 1491 Haec
315 1439 446 1491 extrema
463 1432 517 1491 fuit
531 1439 611 1493 aetas
636 1433 843 1511 imperatorum
858 1430 1096 1510 Atheniensium,
1116 1431 1243 1512 lphiera·
1261 1448 1278 1496 4

154 1515 203 1591 tis,
221 1512 376 1592 chabriae,
392 1514 551 1585 Timothei;
568 1533 664 1595 neque
680 1525 748 1596 post
765 1516 881 1578 illorum
893 1517 1004 1577 obitum
1018 1518 1169 1596 quisquam
1185 1517 1244 1577 dux

154 1600 183 1658 in
201 1598 250 1659 illa
264 1598 337 1660 urbe
351 1599 405 1659 init
421 1599 524 1678 dignus
534 1602 682 1661 memoria.
705 1599 805 1682 Venio
816 1619 890 1661 nunc
901 1601 937 1669 ad
950 1600 1138 1662 fortissimum
1152 1603 1244 1663 virum
1262 1617 1278 1666 5

153 1685 327 1762 maximique
350 1684 465 1744 consilii
488 1686 613 1746 ominium
628 1685 818 1746 barbarorum
840 1685 973 1764 exceptis
996 1684 1109 1745 duobus
1127 1683 1244 1746 Cartha·

153 1769 353 1845 giniensibus,
379 1767 544 1831 Hamilcdre
569 1778 599 1830 et
613 1767 785 1831 Hannibale.
819 1769 864 1829 De
887 1768 1016 1847 quodne
1032 1768 1278 1848 plura‘reierezo

112 1928 114 1932 Ι
153 1869 232 1929 mus,
256 1852 334 1931 quod
354 1861 384 1912 et
407 1853 578 1915 obscuriora
601 1863 667 1914 sunt
687 1855 750 1914 eius
766 1862 852 1931 gesta
866 1853 1026 1932 pleraque,
1048 1861 1079 1914 et
1093 1871 1145 1930 ea,
1169 1871 1243 1932 quae

154 1953 299 2014 prospere
322 1938 349 1996 ei
374 1947 543 2013 cesserunt,
564 1955 622 1997 non
646 1938 842 2015 magnitudine
868 1939 1016 2016 copiarum
1039 1936 1093 1998 aed
1116 1936 1244 2014 consilii,

153 2037 212 2097 quo
228 2030 286 2079 tum
303 2038 402 2081 omnes
418 2023 587 2100 superabat,
601 2023 782 2090 accidendum
799 2039 921 2101 quorum
936 2023 992 2082 nisi
1004 2023 1080 2082 ratio
1093 2021 1244 2103 'explicata
1264 2034 1268 2042 ·

152 2104 251 2183 inerit,
268 2125 316 2166 res
332 2123 477 2184 apparere
491 2125 549 2167 noo
565 2115 712 2186 poterunt.

471 2359 575 2437 XIV.
614 2355 916 2434 D'ATAMES.

221 2461 246 2527 1,.
262 2458 455 2539 Datames,
470 2472 554 2539 patre
570 2459 731 2538 Camisare,
747 2461 865 2519 natione
880 2457 966 2535 Care,
984 2467 1076 2518 matre
1092 2458 1243 2534 Scythissa

155 2551 257 2622 natus,
278 2547 399 2632 primum
420 2547 449 2604 in
470 2545 591 2606 militum
611 2562 731 2606 numero
752 2544 806 2603 iuit
829 2541 904 2622 apud
923 2540 1110 2604 Artaxerxen
1131 2560 1243 2625 eorum,

188 2682 213 2730 2.
231 2695 290 2730 cum
302 2675 360 2729 bier
370 2676 426 2730 und
438 2677 466 2729 in
476 2680 500 2742 ς.
513 2678 529 2731 3
542 2679 595 2730 wic
603 2678 651 2734 Ar.
661 2679 686 2744 3,
711 2685 801 2730 torum
815 2677 879 2732 Act.
899 2703 935 2714 -
953 2675 1095 2745 quicquum
1110 2675 1184 2729 steht
1198 2675 1244 2728 bei

152 2751 244 2816 icum
261 2748 346 2800 tonus
363 2747 443 2800 rebus
459 2749 633 2817 praefuisset.
652 2775 687 2784 -
711 2745 1050 2814 Personenbenennungcn
1068 2745 1139 2799 auch
1153 2745 1243 2811 adjec-

148 2818 279 2886 plerapue
296 2815 354 2868 bier
378 2817 465 2884 „sehr
482 2817 588 2886 vieie“,
611 2817 686 2870 nicht
711 2815 825 2882 tiviacb,
838 2814 893 2882 vgl.
906 2832 979 2868 nemo
993 2815 1048 2885 Ep.
1060 2819 1090 2883 2,
1107 2819 1131 2868 1.

135 2948 138 2952 ι
152 2885 219 2953 „die
234 2885 382 2939 meisteu“.
744 2884 771 2938 5.
795 2885 906 2937 maximi
922 2902 956 2937 ue
973 2886 1079 2938 consilii
1094 2884 1193 2952 gehdrt
1208 2901 1242 2936 au

187 2956 399 3010 adolescentulus
422 2955 488 3024 „ela
516 2955 561 3008 ein
582 2956 685 3024 jungar
710 2954 798 3007 virum
811 2954 890 3020 „und
905 2903 1066 3022 hidgsten“.

151 3023 271 3079 Mann“.
296 3024 375 3077 Denn
386 3024 430 3077 die
440 3025 685 3093 Benennungado-
745 3026 849 3078 duobus
861 3040 884 3076 ι.
898 3039 932 3075 cu
947 3024 979 3084 3,
992 3029 1017 3076 2.

151 3094 250 3147 lescens
270 3094 386 3147 amicost
401 3111 462 3146 voro
484 3097 525 3148 17.
545 3095 628 3147 Jahre
649 3111 685 3146 an
744 3096 770 3148 6.
794 3094 857 3157 hcc,
880 3092 941 3148 Abi.
962 3092 1010 3145 des
1028 3091 1157 3146 Grandes
1175 3107 1243 3158 „um

152 3162 195 3231 die
204 3162 360 3228 ganzezeit
368 3164 417 3218 der
429 3163 617 3233 kdrperlicben
628 3163 686 3217 und
711 3161 884 3215 deswillen“.

151 3232 685 3356 ἕέῗῖῗῖ“ιῗιξῗ”ῐῗξέἒ11Ἐὶἒῖξᾶῗέξὲ
710 3239 820 3353 abib
836 3235 967 3352 i‘hh'd
976 3236 1082 3350 iud·
1096 3256 1131 3266 “
1148 3228 1243 3308 ‘’⁶⁸⁶¹“

151 3370 226 3422 steht
244 3370 317 3434 hier,
336 3371 387 3423 wie
406 3371 489 3436 diter,
503 3372 572 3425 ohne
586 3373 684 3426 beson-
745 3371 815 3422 cedit
839 3370 905 3422 mihi
929 3368 1032 3437 aliquid
1055 3384 1109 3435 „es
1136 3365 1244 3436 geiingt

152 3440 218 3492 dero
234 3438 407 3504 Naohdruck.
710 3438 761 3492 mir
773 3443 872 3501 etwas,
886 3437 951 3506 geht
962 3453 1017 3488 von
1033 3435 1172 3489 suttona

184 3508 288 3574 priuati
320 3509 439 3578 hospites
468 3509 684 3575 „Gastfreunde
744 3508 816 3560 ratio
833 3507 892 3560 hier
905 3505 1096 3574 „Hergaug“.
1111 3506 1242 3574 —ecpli-

152 3593 201 3631 aus
215 3576 273 3629 dem
285 3577 476 3631 Privatatande
484 3579 510 3632 “.
709 3578 879 3642 coruscarit,
891 3594 912 3630 s.
925 3592 959 3628 zu
968 3593 1014 3630 cro
1022 3577 1136 3644 adeptura
1146 3574 1241 3628 Tbem.

186 3648 212 3700 3.
241 3649 281 3699 de·
294 3649 371 3713 fama
394 3662 461 3709 „um
480 3648 575 3700 seinen
599 3653 683 3713 guten
709 3649 741 3713 9,
760 3650 787 3697 4.

152 3715 294 3784 Namen“,
317 3715 365 3768 der
385 3716 473 3769 durch
495 3717 539 3769 die
560 3715 684 3784 Achiage
743 3731 877 3784 apparere
885 3713 944 3766 hier
952 3712 1091 3781 „deutlich
1099 3713 1241 3767 werden“.

151 3785 298 3853 geruurdet
310 3801 377 3838 war.
396 3813 431 3826 -
451 3788 553 3853 deesse,
573 3786 683 3852 (aegen-
744 3785 777 3850 l,
792 3785 816 3838 l.
841 3783 934 3837 Ueber
950 3791 1033 3837 natue
1049 3783 1097 3836 mit
1108 3783 1167 3835 dem
1179 3782 1240 3835 uti.

151 3855 218 3908 theil
230 3872 284 3907 von
298 3857 391 3909 adesse
408 3855 491 3908 alicui
504 3854 574 3907 Dion
589 3857 618 3917 l,
632 3855 658 3910 3.
708 3869 731 3909 s.
744 3869 777 3906 zu
790 3852 864 3905 Dion
878 3856 946 3919 1.,·1.
965 3881 1000 3892 -
1022 3855 1103 3915 Care,
1123 3852 1242 3921 Apposi-

186 3927 269 3980 Hunc
284 3927 414 3986 aduersus
426 3924 479 3978 wie
491 3923 559 3979 Coo.
576 3927 605 3987 2,
619 3926 646 3975 2.
661 3983 665 3988 .
708 3921 768 3977 tion
782 3938 816 3975 au
828 3931 916 3992 putre.
935 3951 971 3963 ···
987 3924 1125 3992 Scythissa
1144 3921 1181 3972 ist
1192 3919 1241 3972 tti-

184 3997 210 4047 4.
236 3995 346 4047 constr.
361 3993 683 4062 Haec(aetaa)1phicrc-
709 4008 850 4059 gennano.

151 4064 186 4118 tia
199 4073 258 4118 cett.
273 4073 391 4118 exirm
404 4064 462 4132 sudi
477 4071 553 4117 oetas
568 4064 684 4131 imperu-
742 4064 908 4116 Artaxerxes
928 4060 1055 4114 Mnemon
1079 4059 1238 4115 ouo—359.
