2850 4604
337 368 355 375 ,Α
450 336 525 389 rut.
564 337 812 391 uuausuuuuus
836 339 909 390 cua.
928 338 953 389 a.
1199 332 1239 414 53

81 477 85 483 ’
160 499 240 580 quod
257 500 285 560 in
303 498 409 578 proelii
425 516 567 559 concursu
582 497 642 558 abit
659 517 708 559 res
729 516 745 559 a
767 497 891 559 consilio
912 499 947 560 ad
963 499 1042 560 vires
1061 502 1173 579 vimque
1189 519 1239 581 pu·

159 586 315 667 guantium.
350 584 450 662 ltaque
468 585 531 644 iure
547 601 600 644 suo
616 583 753 644 nonnulla
768 583 803 644 ab
816 585 992 662 imperatore
1007 585 1103 662 miles,
1119 586 1239 664 plurima

160 688 233 731 vero
257 671 372 730 iortuna
392 667 534 746 vindicat,
557 686 648 746 sequa
668 667 716 728 bic
740 669 805 747 plus
826 668 953 730 valuisse
973 688 1056 748 quam
1077 669 1156 730 ducis
1173 690 1239 750 pru-

158 753 283 816 dentiam
303 772 373 815 vere
390 761 492 832 potest
507 752 688 831 praedicare.
732 748 829 824 Qua're
844 753 915 813 illud
928 754 1243 831 magnificentissimum
1257 765 1273 815 5

157 838 263 909 iactum
277 839 427 917 proprium
443 847 490 899 est
507 837 687 914 Thrasybuli.
717 836 789 898 Nam
804 856 867 898 cum
883 839 1000 916 triginta
1017 839 1141 916 tyranni,
1156 858 1239 919 prae-

158 925 247 1003 positi
269 921 557 999 abacedaemouiis,
587 923 729 983 servitute
744 940 914 1001 oppressas
939 931 1076 993 tenerent
1097 922 1238 1001 Athenas,

157 1007 297 1087 plurimos
316 1009 400 1083 civis,
415 1007 518 1086 quibus
534 1008 563 1066 in
578 1006 659 1068 bello
675 1015 806 1085 parserat
820 1007 946 1084 fortuna,
962 1009 1066 1086 partim
1080 1008 1172 1086 patria
1190 1028 1239 1069 ex·

157 1093 301 1172 pulisseut
318 1094 422 1171 partim
437 1093 672 1167 interfecissent,
696 1092 883 1169 plurimorum
902 1091 979 1152 bona
1003 1092 1147 1170 publicata
1162 1093 1239 1153 inter

156 1196 190 1238 se
206 1178 393 1237 divisissent:
409 1194 467 1236 nou
482 1176 576 1236 solum
591 1177 741 1254 princeps,
758 1175 811 1237 sed
828 1177 914 1236 etiam
929 1176 1010 1238 solus
1030 1177 1113 1238 initio
1130 1177 1238 1238 beNum
1251 1198 1289 1240 ‹to-1
1342 1254 1344 1259 ,

154 1260 201 1323 his
218 1260 328 1321 indixit.
984 1320 987 1326 ,

220 1345 248 1407 2.
270 1344 324 1405 llic
343 1345 500 1405 enimcum
522 1343 633 1422 Phylen
654 1343 853 1423 confugisset,
875 1344 952 1424 quod
974 1353 1020 1407 est
1038 1345 1188 1425 castellum
1210 1348 1239 1407 in
1266 1414 1275 1421 ,

119 1501 122 1510 .
157 1429 256 1490 Attica
270 1430 500 1507 munitissimum,
515 1448 573 1489 non
589 1429 654 1508 plus
670 1429 770 1490 habuit
785 1448 883 1490 secum
896 1431 1013 1508 triginta
1026 1430 1062 1491 tle
1077 1433 1146 1492 suis.
1176 1430 1240 1492 lloc

154 1515 267 1575 initium
286 1514 340 1574 fuit
361 1514 462 1575 salutis
484 1513 678 1591 Actaeorum,
703 1513 760 1575 hoc
783 1514 875 1575 robur
894 1513 1040 1576 libertatis
1062 1516 1238 1577 clarissimae

155 1600 294 1659 civitatis.
330 1597 434 1677 Neque
457 1616 530 1659 vero
553 1598 600 1658 bic
622 1616 680 1658 uon
701 1607 884 1678 contemptus
909 1608 955 1660 est
969 1600 1061 1678 primo
1079 1619 1095 1662 a
1110 1603 1238 1676 tyrannis
1256 1616 1272 1664 2

155 1690 242 1762 atque
265 1684 329 1744 eius
356 1683 492 1744 solitudo.
539 1679 621 1754 Quae
644 1683 760 1763 quidem
779 1703 829 1744 res
854 1692 885 1744 et
905 1684 963 1744 illis
985 1686 1238 1746 contemnentibus

155 1768 278 1847 pernicii
300 1776 331 1827 et
350 1767 415 1828 huic
441 1769 583 1846 despecto
607 1767 691 1828 saluti
712 1767 775 1828 luit.
807 1766 887 1828 llaec
902 1770 977 1828 enim
992 1768 1060 1828 illos
1077 1787 1185 1847 segnes
1203 1769 1238 1829 ad

154 1851 404 1931 persequendum,
428 1852 482 1913 bos
497 1860 609 1929 autem,
625 1860 759 1930 tempore
777 1852 812 1912 ad
827 1851 1047 1931 comparandum
1062 1853 1147 1929 dato,
1167 1852 1239 1914 iecit

154 1937 348 1996 robustiores.
377 1934 442 2009 Quo
462 1939 554 2014 magis
573 1945 762 2015 praeceptum
780 1935 851 1996 illud
866 1938 990 1996 omnium
1005 1937 1033 1997 in
1050 1939 1150 1997 animis
1167 1957 1235 1998 esse
1255 1950 1272 2002 3

154 2020 262 2081 debet:
284 2018 354 2080 nihil
374 2022 403 2080 in
425 2021 505 2082 bello
528 2028 669 2099 oportere
692 2022 853 2089 contemni;
876 2039 971 2099 neque
990 2022 1052 2082 sine
1069 2021 1237 2100 causedici,
1310 2071 1311 2076 ,

153 2104 274 2166 matrem
289 2104 378 2165 timidi
394 2105 466 2166 llere
479 2123 541 2165 ,non
557 2105 666 2170 solere.
696 2102 800 2183 Neque
820 2113 915 2166 tamen
926 2123 980 2184 pro
995 2107 1134 2185 opinione
1149 2104 1238 2167 lbra·
1255 2121 1272 2169 4

152 2255 304 2308 Feldberrn
324 2254 411 2308 haben
434 2255 503 2309 auch
521 2255 569 2308 der
586 2254 683 2306 Soldet
742 2273 798 2309 mon
812 2257 875 2325 plus
893 2248 1005 2322 arquata
1016 2256 1068 2310 wie
1085 2258 1173 2310 mimae
1184 2258 1239 2311 dte-

93 2377 98 2385 ,
153 2323 210 2376 und
219 2324 266 2377 das
276 2324 366 2376 Gliick
377 2325 452 2377 ihren
462 2325 571 2377 Antheil
587 2325 681 2378 daran.
709 2327 757 2380 baa
775 2327 887 2391 triptota
904 2325 998 2379 Tlrem.
1010 2330 1042 2391 5,
1063 2331 1088 2382 2.

187 2396 244 2447 atta
263 2412 305 2447 rer
328 2394 391 2460 „dic
403 2394 619 2464 Entscheidnng
633 2393 683 2445 der
742 2395 853 2459 Actaei,
880 2394 1004 2461 poetiseh
1026 2396 1072 2448 isar
1088 2394 1239 2446 Athenien·

152 2463 240 2515 Sacha
251 2464 322 2533 geht
335 2463 434 2528 riber“,
448 2482 466 2515 a
478 2465 589 2516 coneilio
603 2463 683 2530 „klu-
708 2481 768 2528 sea,
786 2480 813 2513 v.
834 2460 924 2529 Ἀκτή,
951 2463 1009 2515 dem
1034 2465 1108 2516 alten
1134 2463 1237 2516 Namen

154 2548 188 2598 ge
206 2532 408 2598 Berechuung“
425 2533 589 2598 (wessent);
612 2533 683 2583 vireo
708 2531 834 2585 Attica's.
852 2560 887 2568 -
904 2533 987 2585 robur
1001 2532 1060 2584 hier
1076 2531 1220 2598 „Stt”1tze⁴‘.

153 2601 522 2668 .,Kraitanstrenguugen“‚
554 2603 596 2653 aia
631 2601 684 2653 wie
744 2603 769 2652 2.
794 2600 889 2669 Neque
913 2619 976 2652 cero
1001 2617 1057 2653 aaa
1086 2601 1164 2653 dicut
1189 2617 1238 2652 zur

152 2670 245 2725 Tbem.
265 2671 296 2735 3,
320 2671 344 2720 l.
709 2670 907 2737 Bekriitigung
921 2669 997 2737 „und
1012 2669 1171 2736 allerdings,
1182 2669 1238 2721 unu

187 2742 246 2793 iure
283 2757 334 2792 suo
373 2738 446 2804 „mit
485 2737 684 2806 gebsubrendem
708 2739 871 2802 wirklich¹‘;
908 2739 960 2807 vgl.
992 2757 1077 2808 aeque
1108 2739 1237 2804 ipaarcna

122 2809 283 2862 ·Recbte“.
302 2837 337 2846 -
358 2809 491 2862 acnuam
513 2808 539 2861 d.
560 2808 578 2858 i.
604 2807 684 2860 einen
709 2809 767 2861 Alc.
781 2812 812 2875 4,
828 2811 853 2862 1.
867 2836 901 2845 —
917 2809 1108 2876 bic,Adverb.
1127 2835 1162 2846 -
1179 2810 1237 2861 cius

152 2879 233 2931 Theil
256 2877 303 2930 (les
325 2878 599 2943 Feldberruruhmas3
623 2877 684 2930 oin·
709 2879 824 2931 solitudo
841 2879 919 2944 „scin
937 2877 1152 2932 Atleinsceuan‘t

152 2950 226 3001 dicat
245 2949 279 2999 ab
303 2949 462 3016 imperatore
487 2947 600 3012 „nimmt
622 2961 683 2997 vom
743 2950 820 3014 Quae
843 2949 948 3015 quidem
971 2967 1014 3002 rea
1035 2949 1118 3014 „aber
1136 2947 1238 3014 gerarde

152 3017 305 3070 Feldherru
318 3017 493 3084 (tarsicium
507 3016 680 3084 Ansprucl1“.
708 3018 798 3076 dieser
820 3016 982 3072 Umstaud“.
1013 3018 1106 3069 Ueber
1134 3017 1238 3086 quidem

186 3088 229 3140 bic
247 3085 274 3140 d.
295 3086 314 3140 i.
333 3086 361 3138 iu
381 3086 480 3155 proelii
498 3101 641 3148 concursu.
708 3105 731 3141 a.
756 3102 790 3136 zu
815 3084 907 3138 Them.
931 3087 978 3150 10,
1008 3088 1034 3142 3.
1063 3114 1098 3124 -
1123 3086 1238 3154 pernati

187 3158 212 3208 5.
228 3157 377 3220 illud,was
392 3154 679 3221 inpaerwthmist.
705 3162 740 3209 st.
765 3154 906 3222 perniciei.
937 3155 988 3207 Die
1010 3155 1115 3208 biberen
1139 3155 1239 3208 Riimer

170 3226 524 3349 ¹artaanhr'fi}cerrrgr'ecp'mum,s.
539 3224 681 3346 naucleris}
705 3224 855 3346 btraatqclplten
870 3224 987 3345 liundder
1010 3228 1035 3345 pl
1060 3224 1237 3345 Dgliuatiog

151 3313 210 3347 arma
274 3311 323 3346 em.
364 3335 371 3359 ,
409 3323 465 3344 .-
503 3310 668 3353 roaeumec
706 3313 719 3348 a
816 3310 845 3343 er
898 3309 992 3359 nuug
1032 3310 1061 3345 es
1114 3309 1217 3346 eman

153 3362 268 3432 „gelriirt
284 3364 362 3416 allein
383 3364 446 3417 an“.
482 3311 501 3362 p
532 3310 552 3362 p
706 3365 771 3416 Dat.
788 3363 814 3414 ci
830 3363 961 3415 unweilen
978 3364 989 3414 ι’
1006 3363 1049 3415 od.
1068 3380 1091 3417 c.

184 3434 312 3485 seruitute
330 3450 472 3502 oppressas
492 3439 598 3497 „nater
622 3435 680 3488 dem
741 3434 973 3500 tempore-data
991 3431 1049 3483 lbse
1066 3431 1106 3483 als
1124 3428 1236 3484 Causal·

151 3502 262 3553 Druelic
279 3501 327 3553 der
345 3500 574 3559 Knecbtscbaft“.
705 3507 763 3554 satu
780 3500 836 3553 aus.

145 3613 148 3619 ,
184 3579 327 3639 parserat,
346 3569 508 3628 altertbiiml.
528 3574 618 3629 Form.
741 3574 766 3624 3.
785 3571 901 3624 omnium
917 3572 947 3622 in
965 3569 1063 3639 animia
1080 3589 1138 3624 ease
1164 3588 1236 3638 „von
1289 3576 1299 3592 ”·

183 3640 322 3708 publicata
347 3641 399 3692 wie
425 3639 481 3692 Alc.
509 3645 543 3708 4,
565 3646 590 3696 5.
625 3643 681 3695 Des
708 3641 785 3692 Allan
802 3639 946 3706 beberuigt
961 3638 1100 3692 werdeu⁴‘.

150 3709 255 3763 Partic.
265 3709 322 3760 Nise
335 3709 384 3762 auf
394 3709 464 3761 nach
476 3714 600 3781 abreptos
610 3712 681 3764 Mitt.
742 3726 830 3778 acque
847 3710 905 3762 aiae
923 3726 1008 3763 causa
1022 3709 1074 3761 dt'ca'
1086 3709 1173 3775 hliugt
1182 3726 1236 3760 von

150 3783 182 3845 4,
201 3783 226 3831 2.
707 3781 736 3831 in
755 3779 851 3831 animis
875 3796 932 3831 ease
955 3778 998 3831 ab.
1020 3809 1054 3820 -·
1072 3780 1156 3832 ttmtat
1180 3777 1237 3829 bier

185 3849 311 3916 princepe
333 3846 392 3914 „als
415 3846 463 3898 der
484 3855 556 3900 erste
574 3849 617 3902 ou.
635 3865 682 3902 zu·
707 3848 776 3915 „des
795 3847 1019 3915 Versichtigen“.
1093 3851 1099 3858 ”

151 3920 237 3978 erst“‚
258 3933 280 3969 s.
298 3933 332 3967 uu
351 3917 495 3986 repentina
512 3917 568 3970 Alc.
588 3920 619 3981 3,
639 3920 664 3971 3.
741 3922 767 3972 4.
794 3917 890 3985 Neque
915 3927 1017 3983 tamen,
1041 3932 1065 3966 s.
1092 3931 1126 3967 zu
1151 3930 1236 3981 aeque

187 3988 215 4050 2,
235 3987 388 4054 LPbplea,
407 3987 492 4055 qaod,
511 4004 533 4041 s.
548 4004 582 4040 zu
594 3988 642 4043 Ar.
655 3988 680 4052 3,
706 4004 769 4040 aero
792 3985 850 4040 Alc.
876 3989 906 4054 b,
931 3989 954 4038 1.
982 4015 1015 4024 -
1035 4002 1088 4054 pro
1110 3984 1236 4052 opinione

152 4058 167 4108 1
185 4056 289 4109 Delam.
308 4056 350 4109 ld.
709 4057 841 4125 Thraapb.
862 4057 952 4126 „uach
970 4053 1101 4124 (gambas)
1120 4053 1168 4108 der
1183 4053 1235 4106 Er·
