2850 4604
248 365 251 373 '
285 369 304 430 2
448 418 450 421 .
720 368 937 422 pannonum.

284 537 407 601 honesta
434 547 521 617 atque
548 540 658 619 turpia,
692 539 745 600 sed
780 541 873 599 omnia
902 539 1040 598 maiorum
1067 536 1206 598 institutis
1235 535 1376 614 iudicari,

284 667 342 710 non
362 648 588 728 admirabuntur,
611 668 665 711 nos
688 650 717 709 in
732 648 883 711 Graiorum
897 647 1051 710 virtutibus
1068 647 1249 727 exponendis
1268 664 1368 707 mores

248 777 384 826 aeorum
407 767 535 821 secutos.
579 758 682 837 Neque
706 762 782 821 enim
805 757 915 820 Cimoni
937 759 991 819 luit
1013 767 1115 837 turpe,
1145 755 1368 818 Atheniensium

282 887 391 930 summo
414 871 497 948 viro,
517 887 651 930 sororem
673 888 838 949 germanam
861 868 971 930 habere
994 869 1023 928 in
1039 869 1231 946 matrimonio,
1258 868 1367 945 quippe

282 998 345 1040 cum
367 980 447 1039 cives
472 980 534 1039 eius
554 979 657 1040 eodem
672 988 826 1041 uterentur
842 980 983 1040 instituto.
1025 977 1064 1038 At
1085 979 1113 1038 id
1129 978 1243 1056 quidem
1258 978 1367 1038 nostris

281 1089 410 1150 maribus
434 1088 515 1150 nefas
534 1087 667 1150 habetur.
709 1089 797 1151 Laudi
818 1091 847 1149 in
864 1087 985 1150 Graecia
1005 1088 1118 1148 ducitur
1139 1085 1366 1148 adolescentulis

282 1218 365 1278 quam
394 1199 534 1279 plurimos
561 1199 699 1261 habuisse
728 1209 882 1262 amatores.
931 1198 1018 1260 Nulla
1042 1197 1250 1259 Lacedaemdni
1281 1196 1367 1256 vidua

282 1319 339 1371 tarn
361 1317 408 1370 est
430 1309 553 1387 nobilis,
580 1327 655 1389 quae
682 1328 741 1371 non
769 1310 804 1370 ad
832 1328 952 1370 coenam
983 1317 1030 1370 eat
1060 1309 1195 1369 mercede
1216 1307 1365 1368 conducta.

247 1421 263 1471 5
282 1419 395 1498 Magnis
415 1422 444 1480 in
466 1419 605 1480 laudibus⁸
622 1428 684 1481 tota
708 1421 773 1481 iere
801 1419 855 1480 fuit
876 1418 1017 1498 Graecia,
1044 1421 1187 1480 victorem
1215 1417 1366 1496 Olympiae

282 1531 380 1600 citari;
411 1531 439 1589 in
462 1548 577 1590 scenam
598 1548 671 1592 vero
694 1530 813 1609 prodire
836 1547 869 1589 ac
891 1529 1001 1609 populo
1031 1549 1099 1590 esse
1125 1526 1294 1608 spectaculo
1316 1546 1367 1587 ne·

280 1642 348 1702 mini
376 1642 407 1700 in
435 1640 546 1701 eisdem
574 1641 711 1718 gentibus
740 1641 794 1700 luit
829 1640 1006 1720 turpitudini.
1056 1636 1139 1711 Quae
1172 1639 1267 1699 omnia
1291 1636 1367 1716 apud

280 1769 335 1813 nos
363 1752 466 1830 partim
490 1751 605 1811 infamia
631 1728 734 1830 partim
754 1750 870 1811 humilia
900 1758 986 1829 atque
1016 1749 1051 1810 ab
1078 1749 1233 1810 honestate
1255 1755 1368 1808 remota

246 1870 434 1942 oponuntur.
488 1858 596 1922 Contra
630 1880 665 1922 ea
693 1860 833 1940 pleraque
861 1862 970 1922 nostris
999 1860 1128 1920 moribus
1157 1868 1223 1919 sunt
1246 1859 1365 1935 decora,

282 1990 356 2052 quae
379 1970 453 2051 apud
475 1970 542 2030 illos
566 1973 660 2050 turpia
681 1979 823 2051 putantur.
868 1968 961 2042 Quem
977 1971 1052 2030 enim
1067 1969 1261 2030 Romanorum
1277 1968 1367 2047 pudet
1408 1987 1411 1996 ’

282 2067 404 2143 uxorem
425 2080 532 2140 ducere
557 2082 586 2140 in
608 2077 790 2142 convivimni
819 2090 867 2141 aut
894 2082 975 2144 cuius
999 2099 1057 2141 non
1075 2079 1289 2141 materfamilias
1308 2079 1368 2158 pri-

245 2195 354 2253 imum
376 2190 471 2252 locum
494 2198 575 2251 tenet
598 2185 709 2251 aedium
731 2200 816 2270 atque
839 2193 868 2251 in
891 2190 1063 2251 celebritate
1085 2186 1241 2250 versatur?
1280 2186 1367 2260 Quod
1404 2182 1407 2188 ’

219 2381 221 2386 ⁴
313 2369 438 2436 instituta
453 2367 519 2434 hier,
531 2384 588 2420 was
605 2367 646 2421 ale
657 2368 749 2436 „Sitte
766 2368 809 2420 od.
835 2366 947 2435 gehdrte
965 2384 998 2419 zu
1014 2367 1067 2419 den
1084 2365 1276 2418 ruhmvollslen
1297 2365 1367 2417 Din-

278 2437 410 2492 Brauch“
424 2437 591 2504 feetgeatellt
608 2438 653 2490 ist.
675 2437 808 2490 Aelrnlich
835 2437 923 2506 gen“;
941 2445 999 2490 tota
1020 2438 1150 2502 Graecia,
1169 2451 1273 2488 warum
1298 2435 1367 2487 olrne

277 2512 303 2574 ἕ.
320 2513 347 2564 4.
834 2511 885 2561 in?
904 2537 936 2546 —
953 2509 1032 2560 citari
1052 2524 1112 2560 rom
1129 2505 1232 2558 Heruld
1249 2506 1366 2573 „anige-

313 2579 467 2643 Graiorum,
484 2594 506 2629 e.
525 2577 620 2630 Them.
639 2577 708 2646 9,-⁴2.
834 2577 915 2630 ruferr
933 2577 1073 2642 werden“,
1092 2575 1367 2642 umvordenKampf-

313 2653 339 2701 4.
357 2649 436 2714 euim,
450 2663 474 2699 a.
489 2663 523 2701 zu
540 2647 593 2714 Ep.
614 2650 636 2712 l,
656 2652 681 2699 2.
697 2647 809 2700 Ebenao
834 2647 955 2700 nichtern
979 2662 1014 2699 zu
1036 2646 1196 2700 eracheinen
1227 2645 1282 2698 und
1313 2645 1366 2696 den

278 2723 303 2785 §.
317 2719 343 2771 6.
357 2746 392 2756 -
408 2728 527 2770 eororam
543 2734 696 2782 carmanum
712 2719 810 2770 habere
834 2717 1018 2785 Siegeelrranz
1036 2733 1069 2768 au
1090 2717 1263 2786 emplangen.
1283 2715 1318 2752 ’-
1336 2715 1367 2766 itt

277 2789 307 2840 iu
324 2786 501 2852 matrimonia,
519 2801 541 2839 e.
560 2802 594 2837 zu
613 2785 680 2838 eim.
701 2788 724 2852 1,
741 2791 767 2840 2.
833 2795 942 2840 caenam
954 2787 1065 2854 prodire
1082 2785 1146 2852 „die
1163 2784 1259 2836 Biihne
1277 2784 1366 2837 betre-

313 2857 383 2908 aiuee
409 2857 481 2919 eiua,
497 2853 557 2921 fvgl.
581 2855 650 2907 cicae
675 2857 719 2908 cai
736 2855 809 2909 Mitt.
833 2855 900 2909 ten“
917 2856 957 2908 als
977 2854 1180 2922 Schauspieler.

279 2928 303 2993 1,
323 2927 346 2977 l.
365 2953 400 2964 —
417 2925 506 2976 ecdem
525 2932 667 2978 uterentur
684 2927 808 2980 iactitato
868 2927 897 2985 ia
915 2926 1011 2977 cladem
1025 2925 1166 2991 uenatus,
1182 2925 1233 2976 aui
1249 2925 1366 2977 Graecia

277 2995 422 3051 dberaetze
434 2994 504 3045 nach
513 3011 584 3046 more
594 2995 637 3046 ati
644 2993 742 3048 Thrae.
750 2996 807 3061 3,1.
832 2995 965 3061 beaugen,
986 2994 1037 3048 wie
1053 2993 1117 3052 Dat.
1136 2999 1160 3059 4,
1182 2997 1195 3046 1
1214 3011 1283 3062 quac
1299 3011 1365 3060 qaae

311 3066 341 3118 id
365 3065 470 3132 quidem
498 3064 586 3133 „eben
606 3063 693 3126 diee“‚
725 3082 747 3118 s.
772 3080 808 3119 au
834 3065 882 3116 auf
896 3066 1040 3117 Cataonia.

252 3194 253 3200 ¹
277 3134 372 3188 Them.
393 3133 434 3198 10,
453 3133 479 3188 3.
868 3136 959 3200 Quae,
977 3134 1029 3187 wie
1046 3134 1084 3187 ist
1102 3132 1160 3185 hier
1176 3132 1212 3184 im
1226 3131 1259 3183 D.
1279 3147 1364 3183 anzu-

276 3203 543 3326 ,tdtt’ltllt
557 3204 808 3327 tttttlttltt·
832 3200 1365 3342 l¹¹l⁹f⁰¹¹litilrilld‘lilaMl‘·

276 3352 347 3397 turer
362 3358 398 3394 au
415 3340 475 3395 Alc.
492 3345 518 3409 2,
534 3346 558 3396 2.
580 3312 589 3342 ’
725 3339 727 3343 ’
851 3313 895 3397 ’6.
920 3342 1060 3396 Verbiude
1086 3343 1188 3396 cantra
1215 3359 1264 3408 ea,
1286 3309 1316 3400 ι’,
1331 3355 1365 3392 zu

311 3413 522 3480 Lacedaemoni,
545 3410 637 3479 einige
660 3411 808 3465 suadeam-
831 3411 891 3465 Alo.
908 3414 933 3477 8,
953 3414 979 3467 5.

276 3498 338 3536 men
354 3481 403 3534 der
420 3482 445 3534 3.
465 3482 541 3535 Decl.
561 3480 655 3535 bilden
674 3482 808 3536 auueilen
866 3483 983 3550 primum
1000 3481 1087 3534 lacum
1103 3481 1225 3549 aedium,
1243 3478 1296 3534 wie
1314 3478 1365 3531 der

277 3552 330 3604 den
348 3551 440 3605 ablat.
464 3551 540 3605 auli
556 3557 593 3604 ct.
613 3569 640 3618 e,
664 3569 746 3607 wenn
768 3552 809 3605 aie
833 3553 990 3620 Gegeneatz
1013 3552 1043 3603 in
1069 3551 1196 3604 interiore
1212 3558 1293 3619 parte
1318 3565 1364 3601 ae·

276 3620 329 3675 auf
341 3620 386 3674 die
403 3620 495 3689 Frage
512 3621 576 3674 wo?
593 3622 699 3677 slehen.
834 3623 907 3676 dium
918 3625 965 3688 §.7
974 3619 1057 3687 zeigt,
1066 3619 1105 3672 iat
1113 3619 1163 3672 der
1175 3618 1366 3686 ‚,vordcrate“,

310 3708 380 3759 qaae
394 3707 452 3744 non
469 3699 518 3745 cet.
543 3689 626 3743 Dicae
647 3690 722 3746 stete
738 3689 808 3744 wird
833 3691 893 3744 dem
909 3690 1054 3757 Eingange
1077 3689 1211 3742 annichst
1233 3687 1365 3755 gelegene

275 3766 354 3814 conat
379 3760 510 3827 nirgenda
539 3759 663 3813 erwihnt
688 3761 745 3813 und
761 3777 809 3829 ge-
832 3760 971 3814 Theildea
984 3757 1365 3825 Haueee(atrium)gemeint,

276 3830 366 3898 hirto,
383 3847 465 3886 wenu
486 3829 635 3899 riberhuupt
660 3830 711 3883 die
721 3830 808 3884 Stella
832 3848 874 3884 wo
893 3830 937 3882 die
952 3829 1091 3884 Haucl'rau
1105 3828 1155 3880 mit
1173 3827 1225 3880 deu
1243 3826 1364 3895 Migden

275 3900 399 3956 wirkliclr
416 3917 447 3954 eo
461 3900 574 3966 lautete,
588 3900 736 3968 jedenfallu
753 3903 810 3952 erui
832 3917 876 3953 um
894 3899 947 3952 den
961 3899 1038 3953 Herd
1051 3899 1099 3951 mit
1109 3896 1244 3965 Spinnen,
1258 3897 1365 3948 Weben

276 3970 325 4024 der
340 3969 467 4040 epitereu
486 3969 549 4022 Zcit
569 3986 613 4023 an.
650 3969 707 4024 Der
724 3969 805 4038 Couj.
833 3969 888 4023 und
916 3970 1020 4023 andern
1047 3966 1204 4022 hiunlichen
1234 3965 1364 4019 Arbeiten

276 4047 323 4094 eut
340 4039 392 4094 uie
408 4044 434 4106 s.
450 4042 465 4094 1
480 4040 615 4106 judicent.
832 4039 1000 4108 beechiitigt
1017 4055 1074 4093 war
1114 4053 1158 4089 wo
1183 4037 1249 4090 aber
1269 4034 1366 4088 nutrir-

289 4182 291 4185 .
310 4113 336 4168 a.
354 4111 467 4179 manna
484 4110 513 4164 a
531 4110 656 4166 rauutua
679 4109 736 4175 aaut
759 4125 808 4178 „a
833 4109 886 4163 neu
903 4109 974 4163 auen
994 4109 1047 4163 me
1064 4075 1204 4162 &aanor
1221 4105 1270 4161 aa
1287 4105 1366 4159 nau-
