2850 4604
364 328 448 376 xxv.
470 327 502 376 u.
525 327 723 376 rouroruus
744 327 891 376 urricus
910 329 986 376 cnr.
1013 325 1052 375 ιι.
1194 318 1253 380 165

162 485 281 545 tirueret
295 483 450 564 statimque
470 482 506 543 ad
528 484 707 544 reveniret:
729 501 763 543 se
785 501 849 543 eum
869 493 899 545 et
913 484 991 545 illius
1012 482 1119 546 Canum
1136 487 1173 547 de
1185 505 1253 567 pro·

164 568 340 647 scriptorum
354 585 474 628 numero
497 568 654 629 exemisse.
685 567 747 645 Ac,
769 586 807 628 ne
827 568 905 647 quod
921 569 1079 649 periculum
1097 571 1251 650 incideret,

161 651 241 732 quod
255 660 343 712 noctu
358 652 458 730 fiebat,
473 650 649 732 praesidium
664 652 692 712 ei
707 652 792 712 misit.
827 650 877 712 Sic
893 652 1009 714 Atticus
1032 656 1062 714 in
1083 673 1192 716 summo
1216 659 1250 718 ti·
1269 663 1286 717 5

160 753 243 797 more
266 752 324 796 uon
345 735 439 796 solum
462 736 535 812 silai,
557 735 610 796 sed
633 736 719 807 etiam
737 736 782 812 ei,
808 754 894 815 quem
914 739 1093 798 carissimum
1113 739 1251 819 habehat,

162 818 311 900 praesidio
326 820 388 880 fuit.
414 818 520 900 Neque
539 821 614 880 enim
632 838 702 880 suae
715 819 808 880 solum
823 838 839 880 a
854 838 998 900 quoquam
1013 822 1148 884 auxilium
1164 826 1249 904 petiit

161 903 263 964 salutis
280 905 332 965 sed
344 905 544 965 coniunctum:
563 911 595 963 ut
608 912 776 982 appareret,
793 904 899 964 n'ullum
913 907 1072 966 seiunctam
1088 909 1145 968 sibi
1159 909 1195 969 ab
1211 927 1248 971 eo

159 987 238 1049 velle
263 988 415 1048 iortunum.
445 984 531 1059 Quod
551 989 575 1048 si
596 988 777 1066 gubernator
798 991 954 1067 praecipua
971 988 1055 1049 laude
1073 991 1182 1070 lentur,
1200 995 1284 1072 quia

159 1089 262 1132 navem
283 1090 321 1132 ex
338 1070 434 1132 hieme
454 1073 583 1150 morique
611 1071 770 1150 scopuloso
793 1081 907 1132 servat:
935 1091 986 1133 cur
1013 1091 1071 1133 non
1093 1076 1249 1154 singularis

157 1158 222 1218 eius
237 1155 420 1216 existimetur
434 1155 603 1233 prudentia,
628 1157 675 1235 qui
699 1174 738 1216 ex
758 1162 801 1215 tot
822 1163 935 1235 tamque
954 1157 1094 1234 gravibus
1108 1161 1249 1238 procellis

158 1240 294 1300 civilibus
310 1238 346 1298 ad
360 1237 587 1300 incolumitatem
602 1236 759 1319 pervenit?

225 1324 273 1384 11.
290 1319 402 1394 Quibus
420 1340 459 1384 ex
475 1322 557 1384 malis
572 1331 603 1384 ut
619 1342 652 1383 se
671 1324 808 1400 emersit,
832 1324 902 1385 nihil
920 1323 996 1386 aliud
1013 1328 1093 1404 egit,
1119 1345 1202 1406 quam
1217 1337 1249 1388 ut

157 1407 307 1488 plurimis,
329 1406 434 1485 quibus
458 1407 547 1468 rebus
566 1417 685 1486 posset,
709 1415 791 1468 esset
809 1409 927 1469 auxilio.
968 1407 1039 1470 Cum
1061 1413 1246 1492 proscriptos

157 1493 295 1572 praemiis
312 1492 518 1569 imperatorum
534 1491 638 1570 vulgus
657 1493 857 1571 conquireret,
879 1510 964 1554 nemo
980 1495 1009 1554 in
1020 1493 1141 1574 Epirum
1154 1498 1247 1573 veuit,

155 1577 206 1636 cui·
218 1594 268 1636 res
280 1574 338 1636 ulla
352 1574 497 1653 deluerit,
519 1577 625 1637 nemini
645 1594 704 1636 nou
723 1576 764 1636 ibi
789 1586 936 1655 perpetuo
957 1579 1089 1639 manendi
1112 1588 1245 1658 potestas

156 1660 232 1722 iacta
257 1668 323 1721 ost:
344 1659 393 1738 qui
415 1660 501 1720 etiar'n
522 1669 591 1738 post
615 1659 759 1740 proelium
779 1659 968 1740 Philippense
988 1663 1195 1742 interitumque
1210 1661 1243 1726 (l.
1263 1671 1280 1719 2

157 1741 252 1805 Cassii
275 1752 306 1805 et
319 1742 357 1804 ll.
375 1743 455 1804 Bruti
473 1742 503 1803 i.
519 1743 621 1807 lulium
641 1743 788 1805 llocillam
805 1747 985 1824 praetorium
1007 1755 1037 1807 et
1061 1746 1149 1807 lilium
1168 1749 1243 1824 eius,
1259 1735 1297 1778 η’

156 1826 319 1906 Aulumque
332 1826 509 1907 Torquatum
529 1837 708 1907 ceterosque
731 1831 793 1908 pari
810 1829 927 1890 lortuna
942 1830 1095 1909 perculsos
1111 1833 1244 1893 institue-

156 1915 194 1972 rit
208 1913 296 1989 tueri,
312 1919 453 1989 atqueex
464 1910 557 1991 Epiro
578 1912 623 1972 lris
643 1914 739 1974 omnia
755 1911 979 1974 Samothraciam
999 1918 1166 1995 supportari
1188 1917 1245 1977 ius·

156 1997 239 2056 serit.
259 1994 386 2057 Difficile
402 2004 450 2055 est
466 1997 560 2057 omnia
571 1999 711 2077 persequi
727 2006 759 2058 et
770 1991 827 2058 nori
839 1999 1047 2060 necessarium.
1069 1998 1144 2060 lllud
1159 2019 1244 2061 unum
1262 2013 1279 2065 3

187 2230 260 2284 illios
289 2229 411 2283 meum·
424 2228 538 2295 „eeinen
570 2229 685 2283 Freund
710 2231 832 2298 mundes
844 2231 986 2286 ribereetze
999 2234 1162 2289 naehltat'us
1178 2253 1244 2288 eorr-

154 2297 275 2352 Cenne“·
311 2297 345 2351 In
360 2298 479 2351 director
498 2297 575 2352 Rode
591 2298 685 2353 wdrde
710 2301 869 2369 edicatque
886 2305 1049 2357 auctoritate
1067 2304 1212 2370 Ale.3,1.

154 2385 183 2422 es
196 2367 318 2420 lreiseenr
344 2377 370 2422 te
392 2375 419 2421 et
434 2375 510 2421 tuum
528 2369 633 2422 Cenum
651 2371 683 2422 de
745 2372 775 2422 in
784 2370 906 2439 Epirum,
920 2371 1242 2441 dalrinflrielrtetenviele

152 2439 366 2509 proscriptorum
383 2454 494 2490 numero
512 2439 604 2490 coemi.
710 2437 871 2504 Geichtem,
885 2440 946 2492 weil
960 2440 1034 2493 diere
1047 2442 1196 2508 ngenden
1212 2443 1243 2494 in

176 2508 334 2572 ,periculum
350 2506 388 2558 ist
406 2505 537 2574 Subject3
555 2506 608 2573 vgl.
622 2509 651 2574 7,
670 2508 682 2558 l
711 2506 760 2560 der
778 2508 888 2560 Gewett
906 2508 953 2560 des
978 2509 1082 2562 Brutus
1100 2510 1157 2563 und
1176 2511 1242 2562 (lae-

153 2577 248 2631 itseidt't
265 2574 461 2628 &osurientem
481 2575 557 2627 etoile
582 2577 683 2629 bellum.
711 2576 767 2630 eius
786 2592 888 2632 waren.
913 2577 965 2630 Die
983 2579 1124 2632 erwilrnte
1139 2581 1243 2641 Unter-

187 2646 261 2716 quod
279 2672 310 2681 -
327 2645 422 2709 fiebat,
445 2642 614 2698 Cemelsate.
710 2646 843 2713 etritzung
856 2647 958 2700 lenden
979 2649 1020 2701 sie
1044 2649 1095 2700 aui
1113 2649 1165 2701 den
1184 2649 1242 2701 Gir·
1263 2660 1270 2671 '

186 2719 213 2770 5.
232 2715 313 2768 timor
330 2710 390 2766 hier
406 2712 451 2765 eiu
467 2713 605 2775 Zustend,
618 2714 683 2766 wel·
710 2718 773 2768 tenu
792 2715 839 2767 des
856 2716 963 2769 Atticus
981 2717 1010 2769 in
1028 2717 1148 2786 Epirus,
1167 2735 1190 2773 s.
1206 2734 1241 2770 au

145 2779 219 2838 'cher
244 2781 350 2834 Furcht
375 2783 510 2848 erweclnt;
535 2784 565 2837 io
583 2799 683 2836 rumoso
710 2786 741 2850 8,
759 2784 776 2837 6
796 2785 852 2836 uod
872 2787 918 2850 14,
938 2786 963 2839 3.

151 2855 207 2907 tien.
226 2852 275 2921 „in
291 2851 341 2904 der
358 2851 545 2905 drolrendeten
565 2851 670 2919 neget
743 2855 873 2918 defuerit,
890 2870 913 2907 e.
926 2870 961 2906 nu
974 2857 1034 2920 o‚1
1054 2873 1131 2924 quem
1141 2865 1240 2924 posset.

187 2922 320 2976 euettmm
355 2922 414 2976 etiit
436 2921 544 2974 bezielrt
558 2922 619 2974 sich
636 2922 687 2973 aui
744 2931 864 2991 potestur
882 2923 1096 2990 „Idrlaubuise“.

152 2991 201 3045 des
219 2938 369 3056 Verruci,
389 2990 437 3043 des
459 3007 489 3043 er
512 2990 557 3043 bei
573 2991 683 3044 Volnm-
743 2996 769 3046 2.
789 2993 836 3062 qui
852 2991 960 3045 berieht
976 2993 1034 3046 siclr
1052 2994 1103 3046 eni
1118 2994 1171 3046 den
1190 2996 1240 3046 At-

152 3061 215 3114 ulte
241 3059 317 3112 iend.
336 3060 577 3120 --eeetueerom,
602 3060 681 3116 aiml.
708 3061 790 3127 dous,
809 3060 906 3115 dessen
930 3061 1093 3130 Thritigkeit
1110 3062 1144 3113 im
1166 3063 1241 3115 vori-

151 3128 279 3184 auxilium
293 3128 613 3197 ‚,gemeiurclreitlielre“;
627 3130 681 3182 Ge·
708 3146 762 3197 gen
788 3129 871 3182 Saue
898 3131 1067 3198 geschildert
1088 3131 1173 3196 wind,
1192 3132 1240 3184 ob-

151 3207 265 3268 geneetz
283 3200 433 3254 emunctam
447 3202 600 3267 smenon.
708 3199 778 3251 wohl
798 3215 828 3250 er
848 3200 935 3253 solbet
961 3199 1036 3252 nicht
1051 3207 1176 3266 genennt
1192 3201 1239 3252 ist.

184 3269 237 3323 sili
247 3266 345 3333 genart
360 3284 394 3321 nu
405 3270 484 3334 ωηο,
493 3269 581 3332 odeo,
593 3267 680 3322 cauo.
708 3268 765 3321 Des
778 3267 868 3320 uelat.
879 3268 1024 3322 ribersetze
1038 3269 1091 3322 wie
1108 3271 1139 3336 o,
1158 3272 1175 3321 d
1192 3271 1240 3341 qui

185 3338 210 3390 o.
224 3337 304 3402 Quod
319 3339 358 3400 ri,
370 3355 393 3390 a.
406 3353 441 3390 au
454 3337 536 3390 Peue.
550 3341 581 3400 4,
600 3338 627 3390 o.
644 3366 679 3376 —
707 3338 829 3392 voluerit.
849 3336 960 3391 llbeneo
975 3338 1004 3390 in
1021 3343 1091 3404 §..4.

150 3408 252 3472 serim,
267 3404 325 3471 vgl.
346 3408 375 3471 l,
393 3407 410 3457 3
424 3407 520 3460 nobilis
533 3407 680 3471 faedatur.
742 3407 930 3491 Philippense,
945 3407 1013 3459 noch
1029 3408 1104 3460 ihrer
1120 3406 1238 3460 Nieder-

184 3473 308 3544 procellis
326 3474 462 3541 civilibvs,
479 3475 597 3528 welches
611 3475 680 3528 Aus—
706 3476 767 3544 lege
796 3477 842 3530 ber
874 3475 995 3545 Philippi
1026 3477 1152 3530 tidteten
1182 3476 1240 3529 sielr

151 3542 240 3596 drrck
254 3542 337 3596 mad
354 3542 435 3596 deiris·
451 3543 565 3597 irrideri
650 3588 657 3601 .
706 3545 820 3599 Cassius
839 3546 895 3598 und
912 3546 1016 3598 Brutus
1033 3546 1127 3598 selbst.
1151 3575 1155 3581 ·

189 3613 243 3678 ll,
262 3614 288 3666 1.
308 3630 342 3665 ec
357 3613 434 3666 melo
452 3612 480 3666 d.
499 3613 519 3666 i.
557 3613 678 3666 erieulie.
738 3617 917 3685 praetorium,
937 3616 994 3682 agl.
1015 3618 1153 3670 censorius
1174 3615 1235 3668 cet.

136 3689 139 3696 '
186 3699 215 3735 ee
243 3682 361 3747 murrii,
386 3631 586 3750 gewdhuliefler
606 3682 681 3735 steht
706 3688 736 3748 1,
758 3686 783 3738 1.

151 3767 281 3818 reserpere
299 3750 339 3803 als
352 3750 570 3805 lutrensitivurn.
587 3750 682 3804 Durclr
741 3755 766 3806 3.
787 3754 909 3821 Difficile
928 3762 968 3807 est
996 3752 1141 3806 ubersetee
1168 3751 1238 3804 naclr

151 3821 200 3875 du
215 3819 340 3874 Trennit.
362 3819 401 3874 iet
417 3821 599 3888 engedeutet‚
618 3821 681 3873 dees
705 3823 814 3890 inopum
829 3830 871 3876 eet
887 3823 980 3877 Henn.
1004 3825 1034 3891 o,
1053 3826 1086 3886 43
1110 3838 1167 3874 raon
1190 3839 1237 3874 ne·

152 3907 182 3944 er
210 3889 269 3943 sicli
286 3889 385 3944 'durch
410 3889 487 3943 seine
511 3889 608 3956 eigene
626 3890 682 3942 Ge·
707 3893 853 3946 maurim
869 3890 908 3944 ist
920 3893 976 3946 ein
989 3891 1110 3960 aegrior,
1125 3890 1236 3944 derhelb

151 3958 360 4014 selrlckliclrkelt
373 3959 607 4029 emporarbeitete.
707 3961 784 4015 uiclrt
798 3978 857 4015 neo·
877 3988 912 3999 -
927 3963 1055 4030 persequi
1072 3961 1125 4013 wie
1135 3959 1197 4012 Cat.
1210 3960 1235 4026 3,

184 4030 326 4098 preeroiie,
352 4029 405 4083 deu
422 4029 485 4082 Abl.
501 4028 550 4082 des
566 4028 681 4096 Beweg·
705 4034 733 4084 4.
753 4035 778 4084 o.
