2850 4604
205 320 262 387 128
539 327 598 388 xx.
635 298 913 387 mnonnon'cnn.
929 329 953 385 a.
986 357 988 361 >

202 492 346 562 delitatis;
368 502 530 574 postremo,
552 503 583 555 ut
598 513 656 556 non
671 495 765 555 solum
780 494 897 556 auribus
912 495 1111 573 acciperetur,
1134 490 1188 555 sed
1204 495 1294 556 ctiam

204 579 295 639 oculis
309 587 499 656 cerneretur,
515 598 610 658 -quem
631 590 662 640 et
683 598 721 640 en
745 588 851 659 quanto
871 598 965 656 regno
988 579 1023 639 ad
1041 597 1125 657 quam
1145 579 1293 641 fortunam

169 676 185 729 3
203 663 366 725 detulisset.
398 662 470 724 Post
485 663 618 740 Dionysii
640 665 793 726 decessum
815 682 878 724 cum
895 663 996 726 llicbta
1012 663 1149 741 bellavit,
1171 666 1221 742 qui
1244 665 1292 726 ad·

202 757 336 809 versatus
352 756 416 808 erat
430 747 591 826 Dionysio;
617 767 702 826 quem
718 767 776 809 non
792 747 860 808 odio
877 747 1035 824 tyrannidis
1049 748 1226 809 dissensisse
1238 749 1292 810 sed

88 831 90 834 ⁴
151 873 154 879 -
201 832 501 911 cupiditate,indicio
517 834 587 910 init,
604 834 680 911 quod
696 834 761 912 ipse
780 832 904 910 expulso
920 832 1063 909 Dionysio
1080 835 1230 911 imperium
1249 833 1291 895 di·
1329 866 1331 870 Α

166 921 184 969 4
201 919 317 978 mittere
334 916 435 977 noluit.
465 916 528 976 Hoc
550 926 707 995 superato,
728 915 881 977 Timoleon
897 919 1032 977 maximas
1054 920 1155 996 copias
1172 915 1288 979 Cartha·

149 1002 374 1078 reginensium
390 1001 465 1080 aprrd
481 998 640 1062 Crinissum
665 1001 769 1061 llumen
790 1002 901 1079 fugavit
917 1020 950 1061 ac
965 1003 1035 1062 satis
1053 1000 1163 1061 babere
1179 1004 1289 1083 coegit,

201 1087 227 1145 si
251 1083 356 1146 liceret
371 1085 499 1147 Africam
520 1085 674 1163 obtinere,
696 1087 744 1164 qui
765 1087 820 1145 iam
836 1085 1000 1164 complures
1016 1104 1107 1146 annos
1122 1090 1294 1164 possessio,

201 1188 268 1229 nem
283 1170 401 1231 Siciliae
423 1170 573 1232 tenebant.
603 1168 689 1249 Cepit
709 1172 794 1230 ctiam
816 1169 1006 1247 Mamercum,
1026 1169 1156 1233 Italicum
1175 1170 1288 1249 ducem,

150 1268 187 1308 aas
201 1252 346 1314 bominem
366 1253 539 1316 bellicosum
562 1264 592 1316 et
606 1263 785 1334 metentem,
803 1256 851 1333 qui
868 1263 1006 1330 tyrannos
1026 1255 1151 1315 adiutum
1169 1256 1199 1316 iu
1215 1256 1289 1315 Siei-

202 1338 267 1397 liam
282 1347 414 1400 venerat.
863 1403 867 1410 ,

265 1425 293 1485 3.
310 1420 423 1494 Quibus
441 1424 528 1483 rebus
548 1423 690 1484 coniectis
707 1442 769 1483 cum
783 1432 906 1502 propter
921 1423 1135 1484 diuturnitatem
1147 1423 1217 1485 belli
1229 1443 1289 1486 nou

201 1507 295 1567 solum
309 1509 449 1585 regiones
458 1507 515 1568 'sed
529 1510 615 1568 etiam
629 1509 718 1568 urbes
736 1508 869 1568 desertas
884 1508 1010 1585 videret,
1025 1511 1202 1587 conquisivit
1214 1527 1288 1588 quoa

202 1593 309 1670 potuit,
330 1593 452 1670 primum
474 1591 603 1662 Sicul0s;
629 1592 697 1653 dein
715 1590 856 1653 Corintho
879 1594 1032 1652 arcessivit
1046 1593 1188 1670 colonos,
1210 1594 1288 1672 quod

167 1693 183 1742 2
202 1676 237 1736 ab
252 1675 297 1736 his
316 1678 400 1736 initio
415 1674 576 1752 Syracusae
592 1685 674 1736 eraut
689 1677 832 1737 conditae.
863 1674 982 1736 Civibus
1006 1679 1157 1738 veteribus
1173 1695 1224 1737 sua
1241 1697 1288 1739 re-

196 1761 306 1839 stitnit,
322 1761 406 1821 novis
424 1760 506 1821 bello
521 1761 706 1821 vacuefactas
723 1761 931 1839 possessiones
947 1760 1062 1836 divisit,
1080 1762 1192 1821 urbium
1209 1780 1289 1823 moe·

200 1846 247 1904 nia
262 1844 384 1906 disiecta
405 1845 529 1924 lanaque
551 1845 669 1906 deserta
685 1845 807 1922 reiecit,
831 1845 996 1905 civitatibus
1010 1845 1095 1923 leges
1111 1846 1289 1907 libertatem·

201 1946 258 2006 que
272 1929 414 2007 reddidit,
438 1949 476 1990 ex
492 1932 617 1990 maximo
631 1929 711 1990 bello
727 1937 835 1990 tantum
858 1931 946 1990 otium
968 1938 1048 1990 totae
1065 1930 1175 1990 insulae
1191 1933 1289 1991 conci·

202 2012 300 2089 liavit,
323 2021 354 2072 ut
371 2012 418 2072 bic
434 2014 569 2074 conditor
584 2013 698 2074 urbium
713 2023 828 2090 earum,
852 2032 911 2074 non
931 2013 973 2073 illi
997 2017 1045 2093 qui
1064 2015 1146 2075 initio
1162 2015 1288 2077 deduxe-

84 2159 86 2163 .
167 2105 282 2174 3rant,
298 2097 455 2158 videretur.
488 2097 612 2175 Arcem,
629 2097 782 2174 Syracusis
807 2116 890 2177 quam
910 2099 1052 2167 munierat
1065 2097 1230 2176 *Dionysius
1252 2101 1288 2160 ad
1392 2152 1396 2179 ,

157 2292 158 2296 ,
201 2255 261 2313 cet,
282 2264 335 2299 vor
350 2246 449 2300 diesem
467 2247 550 2300 Setae
564 2248 729 2301 wiederbole
755 2247 1238 2317 „darnach“.-dr‘rsencr'rre,udml.
1253 2252 1286 2304 ab

200 2316 240 2382 im¹
251 2317 283 2367 D.
302 2316 411 2384 „weil“.
754 2317 845 2370 illo:
855 2320 985 2371 adversus
998 2320 1071 2374 illam
1082 2320 1197 2373 senaime
1209 2320 1283 2373 Dion

233 2394 378 2455 postremo,
396 2394 440 2453 art,
459 2387 508 2439 der
522 2386 606 2440 oriere
620 2386 728 2448 Gruud,
755 2389 819 2456 7,1.

199 2456 319 2512 wesbalb
337 2474 367 2509 er
385 2457 438 2509 den
450 2457 554 2525 Dionys
575 2457 651 2509 nieht
667 2457 728 2508 tdd-
790 2458 889 2509 indicio
903 2457 974 2521 soit,
998 2472 1054 2509 was
1068 2457 1104 2519 iat
1125 2457 1160 2509 im
1181 2457 1214 2508 1).
1236 2475 1290 2511 vor

198 2531 265 2580 tete.
755 2527 847 2579 diesen
875 2525 990 2576 Worten
1016 2526 1286 2594 hinzuzuntgenns.

235 2604 473 2665 quemercqoanto
490 2597 626 2662 reymond
648 2613 729 2664 quam
749 2613 789 2660 ,au
808 2596 874 2662 Lys.
895 2597 924 2661 3,
943 2597 959 2646 5
977 2598 1065 2648 oratio
1083 2598 1181 2648 indicio
1195 2597 1263 2662 suit.

196 2665 464 2732 fortunamaineim
477 2665 512 2720 l).
526 2665 633 2720 schwer
647 2665 730 2717 nacb-
789 2672 814 2719 4.
840 2666 907 2718 eatis
933 2665 1030 2717 dedere
1056 2666 1108 2718 wie
1130 2665 1185 2733 Ep.
1211 2668 1243 2732 8,
1258 2671 1288 2720 -4

199 2735 365 2789 zualumeude
389 2735 571 2804 Verbindung
594 2733 731 2788 mehde'rer
756 2735 962 2788 Lacedaemonii
989 2736 1057 2787 ratis
1088 2736 1232 2802 baberent,
1261 2739 1287 2788 si

198 2805 363 2873 Fragesiitne
381 2819 415 2854 zu
434 2803 534 2871 einem,
551 2803 605 2856 wie
622 2803 685 2859 Dat.
702 2808 728 2868 5,
754 2806 823 2857 colei
836 2822 893 2857 cese
909 2811 1029 2872 possent.
1048 2804 1114 2857 Was
1132 2805 1288 2873 istrorqur‘

86 2893 93 2900 ·
200 2874 413 2939 lremr'niocene,
437 2891 455 2924 a
478 2882 580 2941 quanto
606 2874 670 2925 dello
693 2874 730 2926 od
754 2873 964 2940 weggetassan‘t
992 2890 1014 2925 s.
1047 2889 1081 2924 zu
1111 2873 1181 2926 Dion
1209 2876 1241 2940 8,
1269 2880 1287 2927 4

200 2960 281 3014 quom
296 2958 411 3010 paruam
436 2959 491 2993 ram
512 2943 663 3010 principem
679 2943 728 2996 du·
755 2945 934 3008 conveniunt,
952 2944 1040 2995 cuius.

199 3029 259 3064 eum
280 3011 402 3064 misisset.
432 3011 547 3064 Uebers.
576 3029 652 3078 „was
684 3011 730 3064 fur
760 3055 763 3061 .
788 3017 823 3078 3,
842 3016 864 3064 1.
883 3013 957 3077 dein,
976 3028 999 3063 s.
1020 3028 1054 3063 zu
1073 3010 1145 3063 Mili.
1167 3013 1300 3078 5,3.-‘

199 3081 281 3134 einen
306 3080 392 3132 Manu
415 3079 470 3132 und
490 3098 545 3133 von
565 3081 617 3133 wie
639 3081 729 3135 mlich-
754 3084 788 3134 ab
807 3083 866 3147 dio,
887 3081 938 3133 aui
953 3098 1013 3133 wen
1036 3098 1071 3133 zu
1094 3081 1245 3135 berienen‘t
1263 3099 1286 3134 s.

199 3151 271 3219 tiger
288 3149 452 3203 Herrscbeft
467 3169 497 3203 er
513 3150 542 3202 in
561 3150 606 3203 ein
621 3151 728 3204 solebes
752 3168 787 3204 zu
802 3153 843 3204 dir
862 3150 931 3203 uach
950 3151 1093 3218 Corcyram
1110 3151 1205 3203 Tbem.
1220 3151 1245 3213 8,
1260 3154 1286 3204 3.

198 3219 339 3274 Schicksal
353 3219 561 3288 bernbgestbrat
577 3220 680 3273 hette‘.
788 3225 812 3272 2.
831 3222 953 3285 deserta,
979 3219 1059 3271 nanu.
1082 3219 1110 3271 in
1133 3220 1220 3286 notge
1243 3220 1285 3271 ih-

175 3337 178 3343 .
234 3292 260 3343 3.
279 3293 425 3357 decessum,
445 3290 524 3342 ndml.
540 3307 587 3342 aus
602 3290 727 3343 Sicilien.
752 3307 797 3343 rer
816 3288 1010 3354 Verwlistung.

233 3361 345 3413 Hicetas
362 3376 421 3413 war
435 3359 550 3426 Tyrann
568 3377 623 3412 von
639 3361 727 3412 Leon·
788 3377 821 3411 cac
833 3358 993 3411 bezeichnen
1005 3356 1061 3411 hier
1076 3357 1128 3409 den
1144 3356 1285 3409 unmittel-

197 3429 251 3482 tini
269 3429 299 3481 in
317 3429 430 3482 Sicilien
454 3430 510 3481 uurd
530 3447 580 3482 vor
603 3430 651 3482 der
671 3429 728 3481 An·
753 3431 837 3481 baren
855 3429 1022 3496 Uebergang
1042 3442 1091 3479 eus
1116 3426 1176 3480 dem
1192 3426 1285 3480 Einen

198 3499 281 3553 kann
300 3499 348 3550 des
365 3499 464 3551 Timol.
492 3516 547 3551 von
570 3500 622 3551 den
645 3499 728 3566 Syra·
753 3495 1284 3563 indasnnderer‚,unmittelbarnach“.

199 3585 333 3622 cusanern
347 3567 728 3636 gegenDionysiusaqulie
787 3569 871 3621 ctiam
890 3568 925 3619 im
948 3568 1105 3634 Gegensatz
1128 3581 1162 3617 zu
1190 3566 1285 3618 bellum

199 3638 315 3708 gerusen
332 3637 453 3690 worden.
473 3637 563 3691 Allein
581 3656 611 3690 er
621 3639 728 3691 atrebte
753 3636 835 3689 stand
853 3637 922 3690 euch
934 3636 987 3704 up.
999 3638 1024 3700 5,
1034 3638 1059 3688 3.
1070 3664 1104 3673 -
1115 3643 1197 3701 totae,
1210 3652 1232 3687 s.
1247 3652 1283 3688 au
1363 3687 1369 3697 ,

199 3708 285 3762 selbst
297 3706 367 3759 nacb
380 3707 429 3759 der
436 3707 602 3761 Herrschait
612 3707 727 3774 vooSy·
752 3708 855 3760 alterae
868 3705 947 3758 Eum.
969 3708 996 3772 1,
1015 3705 1040 3757 6.
1130 3710 1132 3714 ‘

198 3795 278 3831 meus
296 3793 324 3834 u.
342 3777 463 3830 verband
481 3777 539 3829 sich
554 3776 665 3830 desbalb
679 3777 730 3829 mit
788 3773 1141 3842 deduxerant„gegri1ndet
1158 3771 1283 3828 batten“.

199 3848 252 3902 den
266 3847 452 3914 Karthagern.
753 3843 818 3897 Dies
848 3845 897 3897 der
924 3842 1110 3912 gevrdbnliebe
1135 3841 1283 3895 Ausdruck

234 3915 726 3989 quemimD.kniipfemit„aber“an.
753 3930 807 3968 von
830 3914 879 3967 der
902 3913 1080 3980 Anaidbrung
1098 3902 1160 3965 lund
1189 3912 1283 3964 Grinn-

234 3988 386 4058 tyrenm'dr'r
406 3985 502 4055 gehdrt
527 3985 596 4038 auch
619 4001 654 4037 au
681 4003 727 4039 cu·
753 3984 828 4052 dung
840 3984 916 4037 einer
934 3983 1056 4036 colonie.

200 4058 325 4128 piditatc,
349 4056 414 4124 lige
431 4055 514 4109 daber
532 4072 566 4109 zu
588 4054 726 4109 lecatorem
787 4054 812 4108 3.
826 4054 988 4124 Dionysiaca,
1007 4051 1056 4105 der
1073 4050 1183 4106 bitere.-
