2850 4604
215 323 274 385 146
503 336 604 385 xxru.
639 335 821 409 naumann
844 334 920 388 cnr.
941 329 983 382 11.

213 491 372 569 gnandum,
400 509 463 551 cum
486 509 619 570 pannon
644 499 726 550 esset
746 492 840 550 armis.
878 489 1034 567 Imperavit
1185 489 1303 550 luriruas

106 634 112 643 ,
217 584 374 637 venenatas
396 585 551 654 serpentes
572 578 653 636 vivas
677 574 777 652 colligi
800 593 908 654 easque
930 575 958 632 in
980 507 1303 665 ramwardo.

180 671 197 721 5
215 659 396 726 Harumcum
410 660 560 720 effecisset
574 677 703 738 magnam
721 658 947 736 multitudinem,
963 657 1010 718 die
1025 660 1109 737 ipso,
1131 675 1188 736 quo
1213 659 1304 718 iactu·

214 763 263 805 rus
287 752 350 805 erat
371 744 473 804 navale
492 744 651 823 proelium,
679 743 849 804 classiarios
868 752 1010 803 convocat
1028 742 1133 822 hisque
1148 744 1304 825 praecipit,

217 847 317 889 omnes
333 830 408 887 utin
427 847 508 888 unam
520 828 658 887 Eumenis
674 829 754 906 regis
770 835 942 889 concurrant
953 845 1066 906 navem,
1083 845 1098 886 a
1116 829 1224 888 ceteris
1243 836 1303 889 tan-

214 921 272 973 tum
290 915 359 973 satis
375 913 500 972 habeant
516 932 548 972 sc
563 912 732 973 defendere.
767 912 798 973 ld
815 913 882 973 illos
902 911 988 972 facile
1012 914 1192 991 serpentium
1208 912 1303 981 multi·

180 998 313 1058 titudine
335 1005 555 1057 consecuturos.
588 996 654 1057 Rex
676 1006 772 1056 alutem
793 999 822 1056 in
845 1015 900 1075 qua
918 1015 991 1056 nave
1008 996 1177 1078 veheretur,
1201 1005 1232 1056 ut
1248 999 1304 1057 soi-

214 1091 291 1158 rent,
307 1101 339 1142 sc
355 1082 503 1141 facturum.
538 1079 630 1153 Quem
648 1082 671 1142 si
689 1090 737 1141 aut
751 1083 833 1162 cepis
853 1091 902 1142 ent
923 1089 972 1141 aut
992 1082 1227 1160 interfecissent,
1247 1100 1304 1142 ma·

194 1183 272 1245 ‘gno
291 1166 335 1226 his
352 1166 509 1244 pollicetur
524 1168 654 1244 praemio
671 1167 745 1238 iore.
811 1169 823 1189 ⁸
852 1190 889 1210 m*
1180 1198 1181 1203 κ

170 1237 265 1322 λ’(
279 1252 326 1311 ll.
350 1249 411 1310 Tali
434 1250 637 1311 cohortatione
656 1251 775 1311 militum
801 1247 893 1329 facta,
921 1250 1023 1313 classis
1057 1251 1092 1311 ab
1121 1252 1251 1330 utrisque
1273 1252 1304 1310 in

214 1334 358 1414 proelium
386 1315 564 1426 dedqcitur.'
577 1332 701 1406 Quarum
725 1338 787 1396 acie
810 1339 985 1414 constituta,
1006 1337 1171 1415 priusquam
1190 1338 1303 1426 sigqum

214 1437 328 1498 pugnae
343 1419 480 1496 daretur,
495 1419 657 1498 Hannibal,
673 1429 703 1479 ut
718 1420 811 1499 palam
824 1422 937 1481 faceret
949 1421 1021 1498 suis,
1044 1437 1100 1500 quo
1118 1419 1184 1480 loco
1200 1419 1305 1481 Eume-

180 1522 196 1570 2
214 1523 272 1581 nes
286 1512 386 1581 essct,
410 1504 499 1564 tabell
520 1506 591 1565 rium
614 1506 642 1563 in
659 1522 708 1564 sca
731 1497 765 1564 h'a
783 1523 847 1565 cum
862 1506 991 1564 caduceo
1007 1506 1103 1569 mittit.
1133 1503 1188 1577 Qui
1202 1504 1250 1564 ubi
1268 1504 1305 1564 ad

214 1607 304 1649 naves
327 1523 559 1648 adversandum
579 1523 948 1668 perveniyepistolamqud
967 1598 1031 1649 oste
1054 1588 1125 1649 dens
1147 1609 1179 1650 se
1200 1608 1303 1667 regem

213 1675 367 1752 professus
389 1682 434 1734 est
450 1692 612 1754 quaerere,
632 1673 727 1733 statim
751 1674 786 1734 ad
801 1671 959 1734 Eumenem
980 1609 1121 1734 dedzctus
1143 1683 1204 1751 est,
1226 1672 1316 1756 quod,b

214 1776 299 1818 nemo
316 1758 475 1835 dubitabat,
491 1761 559 1838 quin
575 1758 682 1837 aliquid
698 1759 734 1819 de
750 1777 822 1836 pace
840 1767 920 1818 esset
932 1759 1079 1837 scriptum.
1110 1758 1303 1836 Tabellarius,

214 1842 295 1902 ducis
312 1860 385 1902 nave
400 1841 481 1904 decla
499 1851 544 1902 ata
561 1844 634 1920 suis,
651 1841 766 1920 eodem,
789 1843 864 1902 unde
883 1852 945 1903 erat
963 1862 1115 1922 egressus,
1131 1843 1303 1922 sereccpit.

162 1900 255 2006 &Ab
268 1925 427 2004 Eumenes,
443 1862 538 1987 soluta
554 1927 692 2006 epistola,
713 1927 783 1987 nihil
801 1930 830 1987 in
849 1945 885 1988 ea
900 1903 1103 2030 rcpepjt,‘nisi
1120 1928 1198 2007 quod
1213 1927 1248 1987 ad
1267 1929 1305 1987 ir-

215 2010 365 2079 ridendum
389 2030 453 2071 eum
468 2013 639 2100 pcrtiqerct.
669 2009 757 2071 Cuius
772 2014 828 2072 etsi
844 2031 959 2072 calisam
973 2012 1130 2106 mirqbatur
1145 2031 1241 2100 neque
1257 2032 1303 2087 re-

143 2169 146 2172 ,
180 2107 196 2154 4
216 2095 397 2173 perlabatur,
417 2103 511 2156 tamen
531 2097 674 2174 proelium
691 2098 787 2156 statim
803 2099 984 2157 committere
1002 2114 1060 2157 nou
1075 2097 1224 2170 dubitavit.
1245 2096 1304 2156 llo-

215 2197 276 2238 rum
300 2180 329 2237 in
354 2198 496 2256 concursu
516 2180 642 2257 Bithynii
662 2180 830 2242 Hannibalis
858 2190 1019 2260 praecepto
1047 2183 1175 2242 universi
1201 2199 1304 2242 navem

215 2260 550 2428 Eumenmorprntur.
583 2264 711 2336 Quorum
731 2268 787 2325 vim
803 2285 857 2326 rex
876 2285 939 2325 oum
952 2267 1098 2326 sustinere
1115 2284 1172 2326 non
1188 2275 1304 2345 posset,

214 2348 282 2425 fuga
305 2367 335 2407 sa
400 2367 427 2408 nr
470 2351 543 2419 etit;
573 2368 656 2429 quam
678 2359 932 2411 consecutusnon
955 2359 1050 2428 esset,
1075 2353 1130 2409 nisi
1152 2353 1226 2411 intra
1252 2369 1303 2410 sua

214 2516 350 2568 Futurum
368 2517 406 2568 ist
421 2517 467 2571 oft
483 2518 531 2568 mit
554 2517 607 2583 „im
625 2518 740 2587 Begriff,
809 2535 905 2583 mapno
915 2547 946 2556 —
957 2519 1074 2587 praemio
1087 2521 1157 2587 sore,
1171 2519 1211 2574 als
1224 2519 1303 2587 subj.

213 2585 330 2637 Willens
375 2586 458 2637 sein“
503 2587 739 2655 wiederzugeben.
776 2589 945 2653 ergiiuzeid.

213 2655 324 2707 Ebenso
341 2659 366 2720 s.
382 2658 399 2706 5
411 2657 537 2720 facturus
552 2667 620 2710 crat.
811 2659 859 2723 ll,
874 2659 897 2708 l.
916 2659 1081 2727 adeodataque
1092 2657 1145 2710 wie
1156 2656 1228 2709 Mitt.
1239 2659 1265 2722 7,
1278 2658 1305 2708 3.

249 2727 324 2777 vivas
357 2727 458 2790 callipi,
491 2743 512 2777 s.
533 2742 566 2776 zu
599 2729 741 2795 repentina
803 2729 946 2793 ‘Quat-um,
982 2728 1061 2780 nami.
1100 2727 1235 2797 classium.
1268 2755 1304 2764 -

213 2794 272 2846 Alc.
294 2797 323 2855 3,
344 2795 367 2846 3.
579 2847 581 2851 ,
773 2798 932 2864 priusquam
950 2800 1061 2851 daretur
1076 2797 1152 2850 ciebo
1164 2813 1224 2851 zum
1239 2795 1305 2848 Fol-

248 2882 273 2931 5.
301 2887 466 2930 concurrant
496 2878 547 2932 wie
570 2880 647 2936 Eum,
667 2883 697 2943 3,
718 2887 738 2946 Ι1
775 2867 893 2932 geoden.

213 2965 303 3000 ornnes
322 2957 519 3000 concurrerant
537 2952 575 3001 ad
587 2952 741 3004 Perdiccam
753 2982 756 2987 <
809 2936 834 2991 3·
852 2931 907 2988 ”5⁸²⁸
917 2937 989 3003 thd
998 2964 1031 2974 ··
1046 2936 1193 3018 Pfsll'mrfli
1207 2934 1304 3001 ’,ἆῖθῆ-

213 3017 424 3088 apprimendnm.
775 3007 831 3057 te“.
868 3005 925 3056 Der
938 3005 1018 3072 Conj.
1037 3023 1088 3059 wne
1107 3006 1135 3056 in
1156 3007 1200 3058 cui
1215 3007 1305 3058 creda-

774 3085 850 3128 retur
882 3073 953 3126 Mitt.
972 3076 1003 3139 3,
1021 3078 1046 3126 2.
1075 3075 1136 3128 Wie
1153 3074 1255 3128 mdeste
1274 3094 1304 3127 es

177 3120 182 3126 '
248 3123 266 3156 α
291 3105 384 3156 mem
408 3103 508 3171 3⁰¹¹&
531 3121 565 3158 ²¹¹
595 3124 624 3158 ⁸⁰
647 3108 738 3173 desen*
775 3143 1304 3198 alsGedcntedesltumenesheisseo?

212 3174 282 3235 dere,
301 3175 357 3239 vgl.
373 3175 527 3228 custodiant
545 3194 562 3227 α
581 3176 611 3242 9,
626 3180 651 3228 4.
684 3177 741 3229 Der

213 3260 301 3309 ganze
321 3245 387 3295 Sala
400 3244 486 3313 bdugt
500 3246 569 3296 nocb
583 3263 636 3298 von
649 3256 681 3301 ut
696 3247 738 3301 ab.
775 3231 792 3266 v

123 3346 126 3351 ·
213 3313 269 3365 Das
296 3313 457 3380 Asyudeton
487 3313 525 3367 ist
554 3316 621 3367 auch
649 3316 683 3368 im
706 3316 740 3368 D.

212 3383 433 3450 beiaabebalteu‚
458 3401 538 3437 wenn
566 3386 740 3452 Gegeosdtze

212 3451 435 3505 hervorzulreben
456 3453 525 3505 siud.
548 3482 580 3491 -
602 3457 670 3509 satir
689 3458 740 3508 ba-

213 3522 294 3575 beam
319 3523 370 3576 wie
398 3522 451 3591 ΕΡ·
467 3527 498 3590 4⁷
528 3527 544 3576 5
566 3541 653 3594 ”eque
677 3543 740 3578 ”ew
776 3579 834 3615 man
855 3562 900 3612 ilnn
916 3560 1142 3624 nichterrietb“3
1161 3559 1304 3613 alsoauch

212 3590 322 3692 uffa&
340 3594 443 3648 ''abui''
775 3634 818 3685 die
835 3630 923 3683 Lente
941 3629 988 3682 des
1008 3628 1115 3699 Kdnigs
1128 3630 1211 3682 nicht.

248 3679 308 3730 allos
338 3705 372 3714 -—
402 3688 606 3744 consecuturos,
644 3700 740 3734 wovon
809 3717 865 3754 m„
881 3699 1014 3753 dubiumst
1029 3701 1082 3754 wie
1101 3704 1132 3766 2,
1149 3705 1175 3761 4,

212 3747 300 3815 ltingt
316 3746 364 3798 der
382 3748 481 3800 Accua.
501 3768 524 3802 c.
541 3751 595 3804 1nt.
617 3752 672 3804 ab?
810 3779 835 3825 4‘
853 3774 957 3824 Horum
976 3771 1029 3822 wie
1051 3770 1129 3822 Eum,
1145 3774 1176 3835 4,
1201 3771 1212 3821 1
1240 3787 1303 3838 qm.

248 3837 274 3891 6.
289 3835 350 3886 Rex
366 3843 456 3888 autem
473 3838 675 3905 —'facturum,
694 3839 741 3892 be·
776 3860 845 3896 ram.
883 3858 916 3879 -’-
961 3840 1125 3893 Hannibalis
1156 3832 1303 3909 praecepto

214 3905 293 3959 acbte
307 3903 352 3962 die
366 3903 596 3960 naohdriickliebe
606 3907 698 3960 Wort-
714 3925 739 3962 u.
775 3911 865 3980 „nach
882 3912 950 3974 -“;
965 3926 1023 3964 was
1039 3910 1084 3963 fuir
1102 3908 1146 3961 ein
1164 3908 1250 3962 Abbi

211 3975 413 4044 Satzstellang,
433 3975 476 4029 die
494 3978 563 4030 auclr
582 3977 616 4032 im
632 3979 667 4034 D.
685 3979 741 4032 bei·
808 3985 861 4036 aim
879 3979 930 4034 wie
948 3979 1041 4035 Them.
1061 3980 1090 4048 3,
1111 3980 1124 4030 1
1142 3979 1170 4032 ta
1188 3979 1240 4034 vira
1257 3979 1303 4033 do·

212 4046 373 4103 aubcbaltco
393 4047 438 4107 ist.
772 4053 854 4109 atium
870 4069 926 4108 non
944 4052 1159 4126 sustinuerant,
1250 4112 1254 4122 ¹

794 3212 1136 3281 ffbdm—wmw

810 3285 909 3349 Cuius,
949 3281 1096 3350 epistolac3
1141 3285 1303 3350 mirabatur,

773 3353 835 3411 weil
863 3369 893 3404 er
916 3350 973 3404 sich
997 3353 1043 3404 ibn
1071 3353 1148 3406 nicht
1175 3353 1303 3417 erkldreu

774 3423 884 3476 kanuto.
1280 3467 1286 3475 ,

808 3509 894 3561 aeque
911 3491 1103 3559 reperiebatur,
1123 3507 1205 3542 causa
1220 3489 1302 3557 -„und
