2850 4604
181 309 221 370 72
494 319 555 366 xrr.
594 316 766 366 ansanus
789 316 864 366 nar.
884 313 909 364 a.
928 311 955 365 a.

246 476 274 536 2.
294 474 434 536 Chabrias
454 484 550 535 autern
567 474 655 534 rnnlta
673 475 703 533 in
716 472 836 551 Europa
856 472 935 533 bella
960 473 1188 552 administravit,
1204 493 1274 535 ‚eum

182 563 240 623 dux
264 561 486 620 Atheniensium
508 567 608 626 esset;
638 561 667 618 in
688 557 827 637 Aegypto
852 576 903 617 sua
926 567 1031 636 sponte
1057 560 1160 634 gessit.
1200 559 1273 620 Nam

150 659 166 706 2
184 645 367 707 Nectenebin
383 644 508 705 adiutum
530 644 696 722 proiectus,
718 661 839 720 regnum
858 643 885 701 ei
903 643 1063 704 constituit.
1096 642 1180 702 Fecit
1197 644 1274 704 idem

184 728 284 809 Cypri,
300 728 353 790 sed
369 729 486 807 publice
503 728 538 786 ab
554 726 785 787 Atheniensibus
801 725 953 803 Euaginae
969 725 1083 786 adiutor
1098 726 1199 804 datus,
1219 747 1273 808 'ne-

183 833 240 894 que
264 815 345 893 prius
368 812 435 872 inde
457 811 609 889 discessit,
631 829 714 890 quam
739 818 827 870 totam
848 810 968 870 insulam
983 810 1064 870 bello
1085 809 1272 879 devinceret:

183 917 239 977 qua
255 915 293 958 ex
310 916 344 957 re
361 895 560 956 Athenienses
575 914 705 974 magnam
722 894 845 972 gloriam
863 903 928 954 sunt
944 893 1052 972 adepti.
1079 893 1199 955 lnterIm
1211 896 1275 956 bel·
1346 952 1350 957 .

148 983 241 1052 alum
260 984 336 1041 inter
355 979 522 1059 Aegyptios
546 989 576 1040 et
598 980 705 1040 Persas
727 978 880 1038 eonllaturn
904 986 957 1038 est.
990 979 1189 1041 Athenienses
1209 999 1275 1041 eum
1371 1050 1374 1056 ,

182 1067 350 1129 Artaxerxe
368 1066 541 1125 societatem
556 1064 719 1140 habebant,
740 1061 960 1122 lacedaemonii
977 1081 1039 1122 cum
1055 1061 1234 1142 Aegyptiis,
1258 1085 1275 1125 a

185 1149 290 1228 quibus
308 1167 426 1227 magnas
441 1148 564 1228 praedas
578 1145 747 1226 AgesiIaus,
763 1166 817 1207 rex
829 1164 941 1223 eorum,
957 1147 1091 1208 iaciebat.
1114 1146 1147 1208 ld
1157 1149 1275 1212 intuens

184 1231 342 1309 Chabrias,
368 1252 431 1294 eum
446 1235 475 1293 in
491 1227 528 1294 re
539 1231 616 1292 nulla
632 1231 772 1309 Agesilao
789 1231 921 1307 eederet,
938 1249 989 1290 sua
1004 1240 1110 1310 sponte
1127 1233 1276 1295 eosadiu·

184 1327 242 1377 tum
258 1317 408 1397 proiectus
426 1316 594 1397 Aegyptiae
610 1317 696 1377 classi
712 1316 855 1394 praefuit,
880 1314 1067 1393 pedestribus
1084 1318 1178 1395 copiis
1194 1315 1275 1396 Age·

186 1401 284 1463 silaus.

248 1486 276 1547 3.
295 1484 366 1544 'l'urn
383 1485 524 1563 praelecti
541 1486 622 1563 regis
638 1483 748 1545 Persae
771 1483 886 1562 legatos
903 1484 1044 1543 miserunt
1059 1483 1191 1545 Athenas
1206 1496 1287 1564 que·¹

184 1579 269 1648 stum,
294 1568 372 1648 quod
388 1566 527 1629 Chabrias
540 1568 692 1630 adversum
709 1586 812 1646 regem
835 1567 944 1629 bellum
958 1577 1080 1644 gereret
1100 1587 1163 1628 eum
1175 1568 1278 1647 Aegy-

186 1656 265 1734 ptiis.
282 1652 481 1717 Athenienses
497 1653 573 1714 diem
584 1662 692 1713 certam
705 1649 847 1712 Chabriae
859 1654 1099 1730 praestituerunt,
1113 1670 1197 1730 quam
1207 1662 1277 1715 ante

184 1739 298 1802 domum
309 1739 364 1798 nisi
377 1737 515 1816 redisset,
528 1739 630 1817 eapitis
647 1756 680 1798 se
691 1736 771 1796 illum
783 1735 966 1795 damnaturos
982 1736 1192 1797 denuntiarunt.
1211 1736 1276 1800 llne

185 1823 236 1884 ille
251 1826 352 1883 nuntio
366 1821 498 1884 Athenas
513 1822 611 1900 rediit,
627 1840 722 1901 neque
738 1821 777 1881 ibi
796 1820 902 1880 diutius
924 1829 970 1880 est
985 1830 1113 1881 moratus
1125 1840 1209 1899 quarn
1221 1824 1277 1882 fuit

151 1930 167 1977 2
185 1927 318 1969 neeesse.
343 1901 410 1966 Non
426 1909 501 1968 enirn
515 1907 643 1967 libenter
659 1914 721 1966 erat
739 1913 805 1965 ante
819 1905 920 1964 oeulos
933 1907 1181 1983 sunrnrneivium,
1199 1906 1278 1984 quod

185 2000 215 2052 et
231 1993 350 2052 vivebat
371 1991 450 2050 laute
473 2001 503 2051 et
524 1991 693 2068 indulgebat
711 1991 768 2050 sibi
791 1988 958 2065 liberalius,
986 2008 1069 2067 quam
1092 1999 1122 2049 ut
1142 1991 1279 2051 invidiam

185 2074 264 2153 vulgi
283 2082 386 2153 posset
404 2075 545 2152 elingere.
580 2074 635 2134 Est
654 2077 729 2135 enim
750 2074 807 2132 hee
829 2091 979 2133 commune
993 2075 1093 2133 vitium
1114 2076 1143 2134 in
1165 2078 1278 2152 magnis

185 2159 348 2235 liberisque
364 2158 542 2235 civitatibus,
559 2167 589 2218 ut
605 2158 712 2218 invidia
729 2158 842 2236 gloriae
861 2175 960 2217 eomes
978 2159 1027 2239 sit,
1049 2166 1079 2218 et
1096 2158 1224 2219 libenter
1241 2161 1278 2221 de

185 2245 222 2303 iis
242 2240 412 2318 detrahant,
436 2259 509 2319 quos
532 2243 661 2302 eminere
682 2241 800 2302 videant
820 2241 922 2310 altius;
949 2260 1045 2321 neque
1068 2245 1162 2302 animo
1181 2262 1278 2322 aequo

187 2343 335 2407 pauperes
348 2324 470 2385 alienam
483 2326 662 2406 opulentium
673 2328 821 2386 intuuntur
832 2326 982 2385 fortunam.
1007 2325 1109 2406 ltaque
1125 2323 1279 2407 Chabrias,

185 2495 215 2546 in
232 2491 412 2561 Verbindung
427 2492 477 2545 mit
494 2493 639 2560 Agesilaus
657 2495 717 2548 361.
744 2510 774 2546 er
801 2492 853 2544 den
877 2493 1035 2561 Aegyptern
1063 2493 1178 2550 leiatete.
1212 2496 1278 2564 Vgl.

185 2562 409 2616 Zurrickberuien
429 2564 526 2616 wurde
547 2581 578 2617 er
596 2581 650 2616 von
670 2563 719 2617 der
745 2561 795 2629 Ag.
814 2563 844 2629 8,
861 2563 886 2614 6.
1080 2577 1099 2622 ’,

186 2643 294 2694 ersten,
313 2631 390 2684 nieht
408 2634 475 2685 abar
493 2651 547 2685 von
571 2633 619 2685 der
636 2632 718 2685 zwei·
780 2635 809 2684 in
826 2650 855 2684 re
876 2632 952 2684 nulle
978 2633 1082 2685 eederet
1106 2631 1155 2699 „in
1182 2631 1280 2686 keiner

185 2713 242 2756 ten.
272 2702 473 2769 Uabergangen
490 2703 528 2754 ist
546 2720 598 2753 von
613 2703 651 2755 N.
670 2702 720 2755 der
746 2701 835 2753 Saebe
862 2701 1043 2768 nacbstand“,
1066 2700 1122 2753 also
1138 2701 1207 2755 auch
1229 2702 1281 2755 aui
1344 2702 1349 2711 “

185 2772 316 2836 wiehtige
327 2770 498 2836 Seasiegdea
509 2770 640 2823 Chabrias
654 2771 720 2824 iiber
746 2770 852 2838 gleiehe
870 2770 1033 2837 Belohnung
1052 2771 1199 2839 Ansprnch
1222 2789 1280 2825 ma-

125 2887 128 2894 .
186 2841 231 2892 die
242 2838 476 2891 lacedemonische
487 2840 580 2892 Flotte
597 2841 643 2893 bei
663 2840 720 2894 Na·
747 2841 816 2892 chen
834 2840 947 2894 konnte.

185 2924 234 2962 xes
258 2908 309 2959 376
330 2906 366 2957 im
387 2907 720 2963 thebanisch-laeeddmo-
777 2911 917 2992 prefectus
941 2908 1001 2975 ldae,
1015 2909 1065 2961 aui
1080 2908 1134 2961 wie
1153 2910 1279 2978 abreptas

187 2976 300 3030 niseben
321 2975 432 3042 Kriege.
745 2978 818 3031 Mrlt.
835 2982 867 3043 4,
891 2983 917 3032 2.
938 3007 971 3015 -
986 2980 1156 3046 pedestribus
1180 2981 1278 3048 copiis,

222 3046 422 3100 administravit
434 3045 488 3098 wie
503 3045 571 3098 Con.
592 3050 622 3114 1,
641 3051 667 3102 2.
686 3075 720 3086 —
747 3045 904 3099 Fussvolh?
923 3065 946 3102 s.
963 3065 998 3100 au
1011 3048 1072 3104 Alc.
1084 3050 1116 3115 8,
1135 3053 1162 3102 2.

185 3133 238 3168 aaa
254 3123 350 3184 sponte
371 3115 441 3180 „auf
457 3115 553 3185 eigene
569 3116 685 3168 Faust“.
782 3121 815 3182 8,
834 3119 856 3168 l.
876 3120 945 3183 repis
963 3118 1078 3184 Persae,
1096 3136 1117 3169 s.
1131 3134 1165 3170 zu
1183 3117 1279 3188 Therp.

223 3185 404 3248 Nectenebin,
435 3185 484 3238 der
517 3186 603 3238 Name
633 3186 721 3238 lautet
746 3189 779 3253 8,
793 3191 817 3240 2.

186 3255 256 3306 auch
267 3252 441 3315 ¹Nectenebin
458 3256 540 3322 Agea.
558 3257 589 3321 8,
606 3257 631 3309 6.
781 3273 841 3308 cum
854 3254 903 3320 „in
922 3253 1104 3320 Verbindnng
1120 3256 1168 3306 mit
1180 3257 1243 3309 —“.

222 3329 248 3376 2.
266 3326 344 3389 idem,
357 3324 421 3377 dass
432 3342 463 3376 er
475 3324 620 3378 demandes
633 3325 721 3376 Herr-
781 3326 861 3389 diem,
880 3341 982 3376 uvarum
1005 3323 1065 3375 hier
1085 3325 1279 3378 Femininumi

188 3393 444 3460 schaltheiestigte.
460 3395 583 3463 Cypria.
597 3397 721 3448 zucher-
746 3412 827 3464 quam
844 3402 922 3459 ente,
944 3393 996 3445 wir
1016 3393 1077 3459 „bis
1096 3410 1130 3446 nu
1152 3394 1280 3458 diesem“‚

187 3479 312 3515 annerum
323 3463 396 3516 Mitt.
410 3466 433 3530 l,
453 3467 478 3516 1.
496 3492 528 3501 -
545 3466 651 3533 publice
668 3465 721 3516 wia
747 3465 802 3532 vgl.
820 3465 980 3516 haneiuxta
994 3463 1073 3516 Paus.
1090 3467 1120 3530 4,
1133 3467 1159 3515 4.
1171 3464 1279 3530 Wegen

187 3531 248 3586 Alc.
268 3532 299 3593 6,
320 3536 345 3588 5.
746 3534 795 3585 der
809 3533 998 3600 Anknfipiun‘g
1016 3551 1038 3588 s.
1052 3549 1086 3584 zu
1106 3534 1183 3586 cuius
1199 3551 1280 3599 pene-

223 3601 386 3667 devineeret,
405 3599 519 3653 beachte
539 3601 584 3654 die
596 3601 720 3670 Pripos„
747 3605 785 3657 rie
802 3601 873 3654 Mitt.
896 3605 926 3669 l,
941 3605 966 3656 2.

188 3689 210 3726 a.
231 3686 264 3722 zu
284 3668 357 3724 Mitt.
379 3673 410 3736 2,
430 3673 455 3721 2.
782 3674 843 3751 {iae
858 3673 957 3724 nuntie
972 3671 1025 3723 wie
1035 3673 1092 3744 ¹hee
1112 3672 1219 3739 ,oraculi
1236 3691 1280 3724 re-

222 3743 248 3794 3.
266 3741 443 3804 Artaxerxes,
456 3740 580 3793 derselbe
593 3740 645 3793 wie
658 3741 721 3809 lpb.
746 3758 846 3812 sponse
869 3741 943 3794 Milt.
968 3743 997 3803 1,
1023 3746 1048 3793 4.
1069 3770 1104 3778 -
1122 3759 1208 3810 neque
1226 3742 1280 3794 wie

188 3813 220 3876 2,
238 3814 263 3863 4.
537 3880 543 3893 .
632 3879 638 3892 ι
673 3862 694 3891 ·.
746 3812 774 3864 in
792 3827 878 3878 neque
892 3811 980 3862 minor
998 3810 1142 3875 Them.6,
1162 3813 1186 3862 1.

80 3972 86 3983 -
188 3877 721 4015 ,tulbaAldzlttztl‘iztlt
747 3885 806 4003 ah·
821 3880 1279 4018 gpdpppfflgfflpppb

188 4019 270 4088 zog“,
286 4017 369 4072 nimi.
393 4017 439 4070 tur
462 4017 506 4070 die
530 4017 658 4080 Dienste‚
676 4017 721 4071 die
782 4022 808 4074 3.
831 4021 1032 4089 punslpideenh
1052 4037 1075 4075 s.
1094 4035 1129 4071 zu
1146 4020 1219 4088 qued
1236 4020 1280 4072 ia-
