2850 4604
614 336 660 386 IX·
696 335 810 386 GONON
833 335 908 386 CAP.
926 329 951 383 l.
964 331 991 384 2.

634 513 702 588 IX.
745 510 960 589 OONON.

320 665 343 724 1.
370 663 498 727 Conon
514 666 705 728 Atheniensis
726 666 946 746 Peloponnesio
972 665 1053 726 bello
1074 666 1200 725 accessit
1216 665 1251 727 ad
1266 685 1340 729 rom·

211 776 216 789 ··
258 751 420 831 publicam,
442 753 472 810 in
496 770 593 830 eoque
617 753 679 813 eius
696 771 787 831 opera
803 753 897 830 magni
913 752 974 812 iuit.
1012 749 1083 812 Nam
1104 758 1134 810 et
1155 760 1274 829 praetor
1289 770 1341 832 pe·

257 836 407 896 destribus
429 837 607 908 exercitibus
634 837 760 915 praefuit
788 845 818 897 et
838 837 1005 916 praefectus
1029 836 1131 895 classis
1153 854 1269 912 magnas
1291 855 1340 898 res

257 921 327 980 mari
351 921 454 997 gessit.
494 917 571 992 Quas
593 922 630 982 ob
653 939 754 982 causas
776 923 950 1000 praecipuus
976 921 1003 980 ei
1026 920 1119 981 honos
1145 919 1261 982 habitus
1284 930 1340 982 est.

258 1004 389 1082 Namque
411 1006 543 1066 omnibus
564 1025 636 1066 unus
664 1005 766 1066 insulis
788 1006 928 1085 praeiuit;
950 1007 979 1065 in
994 1022 1050 1082 qua
1067 1012 1216 1083 potestate
1231 1005 1340 1066 Pheras

132 1113 143 1139 ·
224 1101 241 1149 2
259 1090 349 1167 oepit,
365 1089 509 1149 coloniam
525 1089 826 1152 Lacedaemoniorum.
861 1090 927 1151 Fuit
948 1091 1034 1151 etiam
1049 1097 1181 1150 extremo
1195 1089 1342 1169 Pelopon·

259 1174 343 1233 nesio
357 1171 438 1233 helio
454 1183 586 1252 praetor,
600 1194 662 1235 eum
677 1173 752 1254 apud
764 1172 867 1251 Aegos
884 1174 988 1235 dumen
1003 1177 1106 1253 copiae
1118 1172 1342 1235 Atheniensium

207 1282 244 1323 roe
260 1277 275 1317 a
290 1256 440 1333 Lysandro
456 1268 522 1319 sunt
537 1258 679 1321 devictae.
717 1257 776 1318 Sed
793 1267 851 1318 tum
866 1260 954 1336 afuit,
977 1276 1073 1339 eoque
1091 1260 1175 1337 peius
1191 1277 1240 1320 res
1256 1257 1342 1319 admi·

259 1343 380 1402 n-istrata
395 1352 448 1403 est.
486 1342 558 1403 Nam
581 1353 611 1405 et
627 1344 754 1423 prudens
778 1345 821 1403 rei
838 1343 967 1404 militaris
985 1352 1015 1404 et
1031 1343 1156 1421 diligens
1174 1351 1237 1403 erat
1252 1344 1342 1422 impe·

225 1434 348 1490 arator.
387 1426 488 1505 Itaque
508 1430 613 1489 nemini
639 1437 702 1489 erat
722 1426 767 1488 his
790 1428 970 1506 temporibus
993 1427 1126 1504 dubium,
1154 1429 1178 1488 si
1200 1427 1342 1507 affuisset,

258 1510 336 1570 illam
356 1509 545 1572 Atheniensis
562 1513 753 1573 calamitatem
767 1521 941 1591 accepturos
954 1529 1012 1572 non
1028 1513 1128 1573 fuisse.
1166 1551 1170 1558 ·

322 1595 351 1655 2.
374 1594 475 1656 Rebus
495 1605 591 1656 autent
609 1596 744 1674 aidietis,
767 1614 830 1656 eum
845 1598 967 1675 patriam
982 1595 1112 1656 obsideri
1128 1595 1269 1674 audisset,
1285 1615 1344 1656 non

259 1681 425 1756 quaesivit,
449 1680 498 1740 ubi
517 1682 581 1759 ipse
599 1689 660 1742 tuto
675 1683 809 1758 viveret,
831 1679 885 1741 sed
900 1678 975 1740 unde
990 1680 1138 1758 praesidio
1155 1689 1259 1759 posset
1274 1700 1344 1741 esse

219 1803 221 1808 -
260 1764 373 1824 civibus
392 1765 461 1828 suis.
495 1764 596 1845 Itaque
612 1765 735 1826 eontulit
751 1784 784 1825 se
800 1763 836 1824 ad
850 1762 1065 1824 Pharnabazum
1083 1773 1227 1843 satrapem
1242 1764 1343 1825 Ioniae

198 1848 203 1858 '
259 1856 290 1908 et
307 1847 416 1925 Lydiae
435 1848 615 1928 eundemque
631 1868 773 1927 generum
788 1850 869 1926 regis
887 1857 918 1907 et
935 1852 1143 1928 propinquum;
1168 1848 1243 1928 apud
1257 1866 1344 1927 quern

295 2050 325 2115 l,
345 2051 370 2104 1.
393 2050 516 2101 accedere
537 2051 574 2101 ad
600 2051 788 2120 rempublicam
813 2048 861 2101 der
887 2047 1053 2116 Niederiage
1080 2049 1156 2102 nieht
1178 2047 1251 2114 tras,
1276 2047 1344 2100 doch

257 2117 307 2180 „in
331 2117 375 2169 die
394 2117 662 2187 Staatsvsrwaltnng
686 2119 788 2172 eintre·
812 2119 913 2186 gedeng
931 2123 960 2170 s's
977 2120 1031 2170 ihm
1045 2119 1094 2171 mit
1106 2122 1123 2172 8
1137 2118 1259 2170 Schiffen
1273 2119 1345 2170 necis

258 2187 335 2238 ten“.
813 2188 923 2256 Cypsru
943 2204 976 2238 zu
995 2189 1174 2245 entkommen.
1402 2243 1409 2252 ,

259 2309 261 2314 ,
292 2257 323 2308 irs
332 2273 427 2324 eoque,
440 2272 463 2312 ι.
476 2272 510 2308 zu
521 2256 586 2324 Lys.
598 2261 630 2319 4,
646 2259 658 2309 l
672 2258 702 2308 in
713 2258 787 2309 betto.
848 2257 1038 2311 administrata
1063 2267 1103 2311 est
1126 2257 1241 2322 „warde
1251 2257 1345 2324 ,gelei-

259 2353 293 2364 -
316 2343 399 2392 opera
419 2321 667 2391 „Wirksarukeit‘ffi
697 2327 788 2391 mupni
814 2326 884 2378 tee‘.

256 2395 789 2464 fuit„wervongrosserBedeutung“.
847 2395 968 2464 pruriens
984 2410 1007 2444 e.
1027 2393 1096 2445 Gen.
1112 2393 1265 2462 „kurrdig“.

291 2465 458 2533 pedestribus
481 2467 639 2519 asserentibus
656 2466 709 2518 wie
729 2466 788 2517 Ate.
849 2467 874 2517 3.
894 2471 1052 2531 accepturos
1068 2480 1124 2517 mort
1140 2466 1243 2530 fuisse,
1262 2463 1345 2518 Infin.

259 2535 288 2595 8,
308 2537 332 2589 2.
347 2561 381 2572 -
396 2553 439 2586 res
456 2535 509 2587 wie
526 2534 594 2589 cim.
612 2537 645 2600 3,
666 2538 688 2586 l.
814 2535 887 2587 Pers.
901 2533 950 2585 der
962 2533 1126 2601 Couiugatio
1136 2533 1346 2602 periphrastiea,

293 2604 401 2662 habitus
429 2613 469 2657 est
507 2606 602 2658 warde
625 2604 787 2658 erwiesen“.
814 2602 947 2670 „wuirden
978 2602 1053 2654 nieht
1084 2603 1195 2656 eriitten
1225 2602 1344 2659 haben“.

294 2674 414 2725 omnibus
434 2644 524 2737 anub,
542 2692 565 2726 s.
584 2691 618 2726 zu
639 2674 696 2726 Ate.
707 2678 741 2740 o,
761 2675 786 2726 3.
814 2673 924 2724 Ebenso
941 2676 973 2732 2,
988 2672 1073 2737 3rapi
1082 2674 1171 2738 fuisse
1180 2681 1354 2738 erepturum..

259 2742 405 2794 -r'rssult's
415 2743 546 2809 praefuit,
560 2742 628 2803 dies,
643 2742 728 2794 sowie
739 2742 789 2794 der
813 2743 919 2807 Wegen
945 2740 993 2791 des
1015 2744 1080 2792 Ace.
1109 2759 1133 2789 e.
1158 2741 1239 2794 latin.
1264 2758 1287 2795 s.
1312 2758 1347 2792 zu

258 2810 371 2874 Angriff
399 2810 449 2860 auf
474 2811 579 2862 Pherae
607 2810 702 2862 etehen
732 2810 790 2861 hier
814 2827 870 2862 uon
888 2809 1014 2861 dubitans
1033 2808 1104 2859 Mitt.
1119 2809 1150 2874 3,
1169 2811 1194 2861 6.

259 2878 337 2930 nieht
355 2894 396 2929 ara
409 2877 522 2930 rechten
540 2877 618 2930 Orto.
638 2879 731 2931 Ueber
744 2878 789 2930 dis
849 2880 882 2942 2,
906 2879 929 2927 1.
952 2877 1044 2928 Rebus
1067 2877 1178 2943 afflictis
1204 2876 1271 2940 „bei
1296 2877 1347 2929 der

258 2945 360 3008 Inseln,
375 2946 431 2997 und
444 2963 518 2998 awar
532 2962 583 2998 nur
595 2947 662 3000 dher
676 2947 720 2998 die
735 2947 788 2999 den
815 2944 1025 3014 ungldcklicheo
1044 2944 1119 3012 Lege
1138 2944 1186 2997 der
1202 2945 1321 3013 Dinge“.

257 3017 375 3067 Perssrn
397 3015 623 3082 unterthdnigen,
640 3015 789 3083 bsfehligte
848 3016 967 3084 putrium
992 3014 1050 3066 bier
1076 3015 1139 3082 „die
1156 3015 1347 3068 Veteratadt“.

258 3102 297 3149 er,
312 3084 353 3145 ais
365 3083 412 3135 ihu
423 3085 586 3138 Artaxerxes
600 3085 648 3136 mit
661 3085 710 3137 der
721 3087 790 3138 Aua·
815 3115 849 3124 -
866 3084 995 3148 obsideri,
1024 3100 1077 3136 von
1103 3087 1155 3137 den
1181 3084 1346 3136 Laeediimo-

258 3153 376 3219 rdstung
405 3152 482 3206 siner
509 3155 602 3207 Fiotte
631 3155 790 3222 beaustragt
816 3156 906 3207 niern.

259 3224 335 3274 butte
350 3221 431 3290 (Cap.
450 3229 477 3289 4,
496 3228 532 3290 2).
554 3224 610 3276 Der
626 3225 686 3289 Zag
703 3241 790 3292 gagen
850 3221 980 3292 quaesiuit
1004 3221 1156 3289 ,‚fragte“;v
1173 3225 1244 3276 unde
1270 3241 1346 3290 „von

259 3294 364 3345 Pherae
376 3291 438 3343 idilt
449 3302 507 3346 eret
520 3294 590 3346 nach
603 3295 652 3347 der
664 3293 791 3346 Schiacht
814 3312 857 3346 wo
875 3291 952 3343 aus“.
1135 3331 1139 3343 .

258 3361 304 3445 bei
323 3359 428 3413 Cnidus
445 3362 528 3431 (Cap.
551 3368 586 3427 4,
604 3368 654 3445 4).κ
849 3363 1012 3444 summusque
1037 3359 1113 3426 „und
1142 3361 1296 3446 augleieh“,
1320 3381 1344 3415 s.

259 3432 792 3568 ntttttttwtthtutttt”itt
814 3432 951 3553 Αὲἰὲἱ·
962 3430 1348 3563 retentaturus

259 3568 331 3621 Mitt.
349 3570 379 3630 3,
400 3575 424 3623 5.
815 3570 936 3623 sondern
950 3569 1019 3621 auch
1033 3570 1083 3621 aui
1092 3570 1347 3623 andereWeisemit

295 3642 319 3689 2.
331 3642 447 3691 eetremo
457 3639 547 3692 iibere.
562 3639 648 3693 durch
661 3640 706 3692 ein
719 3639 791 3692 Sub·
816 3640 875 3693 dem
893 3638 985 3704 Kdnig
1005 3639 1156 3692 verwandt.
1172 3671 1205 3678 -
1220 3641 1303 3706 repis,
1322 3657 1344 3692 s.

258 3709 373 3766 etarrttv.
389 3726 412 3763 s.
427 3726 461 3760 zu
474 3709 552 3760 Enni.
566 3712 597 3773 9,
609 3715 626 3763 2
638 3713 675 3762 ad
687 3712 790 3775 infimos
815 3726 849 3761 aa
862 3706 934 3760 Mitt.
951 3711 975 3774 7,
991 3709 1018 3760 3.

260 3786 371 3831 montes.
851 3780 926 3846 opud
949 3795 1026 3844 quem
1050 3786 1080 3830 ut
1103 3786 1150 3830 cet.
1183 3776 1294 3829 constr.
1318 3782 1348 3830 st

297 3866 356 3902 eum
372 3853 439 3899 sunt
456 3847 575 3900 devictae
595 3863 648 3915 „zu
666 3847 714 3899 der
728 3846 792 3899 Zsit
816 3847 911 3900 effecit
927 3846 1011 3898 multo
1032 3845 1125 3899 labore
1139 3846 1284 3915 multisque
1298 3865 1346 3914 pe-

261 3916 302 3968 od.
320 3916 435 3975 damula,
454 3916 520 3968 als“.
816 3916 926 3981 riculis,
945 3922 975 3967 ut
987 3916 1058 3983 apud
1073 3932 1131 3967 eum
1144 3919 1196 3967 eet.
1211 3945 1243 3954 -
1255 3918 1346 3981 cratia

295 3997 351 4040 tum
369 3986 441 4052 afuit
459 3986 496 4036 ist
515 3984 659 4054 unriebtig.
680 3985 720 4037 Er
733 4002 791 4038 war
816 3986 908 4038 fibers.
932 3985 992 4051 „als
1015 3985 1200 4051 Giiustiing“‚
1225 3986 1280 4053 vgl.
1304 3987 1345 4037 dt-

261 4071 399 4124 zugegen‚
424 4054 531 4108 obwohl
556 4055 603 4106 ibn
626 4055 671 4108 die
689 4055 790 4108 Schuld
816 4058 897 4109 sendo
915 4057 1015 4108 auderet
1028 4053 1088 4106 tte.
1110 4055 1184 4119 1,a.
