2850 4604
407 324 409 328 ”
488 345 536 398 m.
567 345 759 399 prosumus
778 346 854 398 cus.
877 340 902 397 4.
1076 382 1079 386 Α
1193 333 1230 399 31

151 504 225 568 llinc
246 515 396 569 tamense
417 504 581 586 expedivit;
605 524 707 586 neque
730 524 768 567 eo
787 506 880 584 magis
908 504 1028 566 carebat
1055 506 1232 584 suspicione.

151 591 225 653 llam
238 593 337 672 opinio
348 591 492 670 manebat,
505 609 569 652 enm
583 609 647 651 cum
661 608 734 669 rege
746 591 856 652 habere
868 592 1047 668 societatem.
1076 589 1129 651 Est
1140 609 1233 669 genus
1251 594 1267 645 o

152 676 293 755 quoddam
309 677 469 754 bominum,
493 676 570 756 quod
584 674 698 737 Hilotae
714 684 852 753 vocatur,
876 693 996 754 quorum
1018 693 1119 754 magua
1141 675 1233 736 multi·

152 761 222 822 tudo
237 780 326 840 agros
344 761 637 823 Lacedaemoniorum
652 760 723 821 colit
739 776 949 838 seruorumque
960 777 1079 820 munere
1095 760 1232 836 fungitur.

152 845 213 907 llos
237 864 353 925 quoque
375 846 536 908 sollicitare
559 864 613 925 spe
634 845 780 908 libertatis
802 844 1029 905 existimabatur.
1076 843 1135 905 Sed
1156 845 1266 924 quodi

131 930 250 991 harum
266 951 362 993 rerum
378 930 486 991 nullum
502 939 565 992 erat
581 939 712 1009 apertum
727 932 848 1005 crimen,
864 946 921 1009 quo
937 930 1019 1007 argui
1036 939 1160 1009 posset,
1176 947 1233 990 non

151 1016 289 1095 putabant
304 1015 342 1078 de
357 1015 406 1077 tali
423 1025 537 1095 tumque
554 1014 633 1076 claro
649 1016 714 1076 viro
729 1013 945 1098 suspicionibus
958 1021 1100 1093 oportere
1115 1013 1233 1074 iudicari

152 1108 183 1160 et
198 1101 440 1181 exspectandum,
450 1099 516 1161 dum
532 1119 565 1161 se
583 1101 647 1179 ipsa
661 1119 711 1161 res
726 1100 864 1180 aperiret.

221 1203 250 1262 4.
274 1200 395 1262 Interim
421 1199 552 1279 Argilius
583 1200 696 1280 quidam
724 1198 979 1277 adolescentulus,
1006 1217 1092 1280 quem
1113 1216 1234 1278 puerum

151 1283 308 1346 Pausanias
323 1303 423 1346 amore
438 1287 561 1347 venerio
576 1284 735 1363 dilexerat,
759 1303 823 1346 oum
844 1283 999 1364 epistolam
1022 1283 1058 1343 ab
1075 1301 1112 1344 eo
1128 1284 1163 1344 ad
1179 1284 1235 1346 hr-

152 1369 284 1429 tabauum
299 1370 479 1450 accepisset,
490 1372 586 1452 ,eique
603 1371 632 1430 in
648 1371 845 1450 suspicionem
860 1369 1009 1446 uenisset,
1030 1366 1138 1446 aliquid
1152 1371 1181 1428 in
1199 1388 1234 1429 ea

152 1453 188 1513 de
204 1472 237 1514 se
254 1473 323 1535 esse
340 1454 495 1534 scriptum,
518 1453 596 1534 quod
614 1472 700 1516 nemo
721 1472 823 1516 eorum
844 1453 988 1531 redisset,
1009 1453 1057 1532 qui
1076 1470 1167 1531 super
1183 1453 1233 1513 tali

152 1555 239 1598 eausa
259 1538 364 1600 eodem
381 1540 460 1600 missi
480 1548 580 1618 eraut,
600 1538 695 1600 vincla
715 1537 861 1620 epistolae
882 1537 991 1598 laxavit
1014 1538 1160 1615 signoque
1184 1537 1233 1598 de·

151 1630 245 1683 tracto
269 1625 427 1703 cognovit,
451 1625 476 1684 si
499 1623 689 1703 pertulisset,
710 1625 766 1684 sibi
789 1641 858 1684 esse
879 1622 1065 1701 pereundum.
1097 1619 1188 1682 Erant
1204 1625 1266 1681 ins

151 1708 252 1768 eadem
270 1707 415 1787 epistola,
435 1725 509 1786 quae
525 1708 561 1769 ud
575 1727 611 1770 ea
627 1709 831 1788 pertinebant,
852 1724 926 1784 quae
952 1708 1028 1766 inter
1045 1723 1147 1783 regem
1161 1704 1232 1765 Pau·

150 1793 318 1872 saniemque
332 1800 539 1854 convenerant.
580 1792 638 1853 llas
660 1793 711 1854 ille
734 1792 848 1853 litteras
870 1789 991 1870 ephoris
1006 1788 1132 1849 tradidit,
1166 1788 1232 1849 Non
1251 1797 1266 1847 3

151 1884 198 1937 est
217 1876 431 1956 praetereunda
452 1879 581 1955 gravitas
602 1876 897 1940 Lacedaemoniorum
914 1875 971 1935 hoc
991 1873 1070 1935 looo.¹
1102 1870 1175 1935 Nam
1195 1893 1233 1934 ne

150 1960 233 2021 huius
250 1961 365 2040 quidem
379 1961 485 2024 indicio
498 1961 612 2041 impulsi
625 1969 702 2039 sunt,
717 1970 748 2022 ut
759 1960 927 2021 Pausaniam
939 1955 1233 2041 comprehenderent,

150 2063 246 2124 neque
264 2049 345 2124 prius
360 2048 418 2106 vim
431 2045 621 2108 adhibendam
635 2053 821 2125 putaverunt,
837 2061 921 2123 quam
936 2063 969 2105 se
984 2044 1049 2121 ipse
1066 2041 1231 2105 indicasset.

150 2128 252 2208 ltaque
282 2129 348 2192 huic
377 2130 480 2207 indici,
510 2131 578 2210 quid
603 2131 670 2191 fieri
698 2129 828 2206 vellent,
857 2136 1080 2208 praeceperunt.
1126 2126 1268 2190 llauumo

149 2211 278 2293 Neptuni
293 2223 340 2275 est
353 2214 496 2292 leonini,
518 2215 595 2295 quod
615 2215 720 2276 violari
741 2215 823 2275 nelas
846 2221 946 2293 putant
968 2210 1080 2272 Graeci.
1122 2210 1167 2272 Eo
1183 2211 1234 2272 ille

149 2297 238 2359 index
253 2300 383 2378 confugit
399 2302 428 2360 in
441 2318 549 2379 araque
566 2299 707 2361 consedit.
742 2298 821 2359 llauc
833 2299 911 2358 iuxta
923 2298 1018 2357 locum
1033 2296 1167 2356 feceruut
1179 2296 1232 2356 sub

150 2389 240 2461 terra,
256 2402 295 2444 en
311 2401 368 2463 quo
385 2393 488 2463 posset
502 2383 606 2462 audiri,
627 2386 651 2445 si
669 2387 733 2464 quis
750 2382 819 2463 quid
833 2381 1006 2461 loqueretur
1024 2397 1088 2440 cum
1104 2378 1230 2458 Argilio.

149 2465 212 2527 lluc
228 2486 266 2528 ex
286 2468 406 2548 ephoris
427 2467 541 2549 quidam
562 2467 785 2530 descenderunt.
821 2465 990 2542 Pausanias,
1006 2471 1037 2524 ut
1054 2462 1162 2524 audivit
1177 2462 1234 2524 hr-
1251 2464 1266 2513 5

151 2551 252 2628 gilium
267 2554 437 2630 confugisse
453 2555 482 2613 in
499 2571 588 2632 aram,
604 2554 790 2633 perturbatus
806 2551 888 2611 venit
904 2567 950 2610 eo.
982 2545 1075 2620 Quem
1090 2565 1153 2622 aum
1168 2566 1235 2627 sup·

184 2769 270 2823 uspua
291 2772 322 2808 eo
343 2754 428 2822 strapis
456 2755 564 2810 carebat
588 2755 679 2824 suspi-
704 2770 727 2806 s.
745 2768 780 2806 zu
803 2751 881 2816 mus„
897 2751 927 2814 1,
951 2754 977 2804 4.
1007 2748 1065 2803 Der
1096 2749 1234 2804 Nacbsetu

150 2824 233 2892 ciuus,
246 2824 315 2876 doch
330 2841 389 2877 war
403 2841 433 2877 er
447 2841 490 2878 nm
504 2825 594 2878 nicbts
607 2825 682 2877 mehr
705 2823 776 2889 iolgt
794 2838 849 2874 von
866 2822 955 2874 uincla
973 2819 1102 2889 epistolas
1119 2838 1165 2874 an.

149 2893 203 2945 frei
229 2910 285 2946 von
313 2893 470 2962 Vendacht‚
497 2894 524 2947 d.
544 2894 563 2947 i.
591 2894 680 2962 „doch
740 2910 829 2945 amors
851 2891 958 2945 venerio
983 2889 1060 2958 „sni
1080 2889 1235 2944 uulieasche

149 2962 223 3015 blieb
249 2979 279 3014 er
307 2963 398 3016 nichts
422 2963 622 3034 destoweniger
650 2964 679 3016 in
706 2961 827 3016 Weise“.

149 3030 315 3084 Verdeeht“.
481 3030 484 3036 ’
741 3033 770 3084 in
791 3030 971 3098 suspicionem
994 3027 1059 3082 mibi
1075 3028 1149 3082 uenit
1169 3028 1234 3097 „ich

184 3119 244 3154 cum
257 3118 324 3168 repe,
342 3118 367 3154 s.
381 3101 500 3168 auMilt.
516 3105 546 3168 7,
562 3104 587 3156 3.
704 3100 818 3169 schdple
831 3097 998 3154 Vendacbt“.

184 3188 210 3241 6.
223 3187 331 3241 Hilotae
345 3183 490 3256 (Eiirdrus)
508 3189 677 3257 „Heloteu“.
736 3173 873 3240 Persem,
900 3169 953 3250 die·
966 3166 1049 3288 Pfdg·
1066 3165 1168 3252 drflcki
1187 3183 1236 3265 ⁰¹2⁸

184 3257 405 3326 existimabatur,
421 3257 547 3311 verlohre
563 3259 616 3312 wie
630 3259 679 3311 mit
704 3257 759 3308 ”³¹¹
778 3240 830 3293 ‘¹⁰¹¹
844 3237 898 3291 Ost
915 3253 1006 3290 semer
1048 3242 1209 3306 “immund
1228 3277 1236 3303 2

153 3324 319 3395 thucydides
333 3329 473 3380 masurius
480 3329 601 3398 prodidit
612 3332 638 3399 2,
650 3333 676 3384 2.
704 3327 726 3362 ⁸·
746 3326 780 3362 ΖΠ
798 3325 854 3361 '¹⁰¹¹
870 3307 983 3376 Pelium
1002 3298 1087 3360 Arm·
1109 3311 1138 3374 lr
1156 3311 1184 3362 5·

184 3413 210 3467 7·
229 3414 408 3481 gaaditarum
425 3431 515 3467 rerum
528 3422 582 3469 cst.
597 3414 680 3482 „weil
704 3468 721 3502 v
739 3383 764 3501 ξ
784 3386 878 3443 eram’
902 3394 972 3447 dm
998 3374 1138 3445 oswen,
1161 3375 1234 3443 diff,

183 3639 229 3703 gas
250 3622 381 3675 inionibus
403 3623 493 3690 „noch
516 3620 679 3675 Verdachts·
705 3583 1173 3724 eigigzssassazsfiEgresssffikest,⁸

150 3707 219 3758 ΕΜ
240 3690 302 3744 ω’
718 3732 765 3779 ·4.
784 3727 894 3792 uiolari,
914 3725 949 3778 iun
976 3725 1009 3777 D.
1034 3723 1084 3776 der
1101 3724 1152 3776 int.
1172 3723 1232 3776 Act.

705 3796 760 3848 Der
779 3794 915 3848 ·Lateiuer
940 3794 1061 3863 dagsgen
1079 3797 1165 3860 sciat,
1192 3809 1233 3844 wo

703 3865 766 3918 luein
785 3863 903 3934 thitiges
922 3863 1038 3933 Snbject
1053 3861 1234 3931 gentianum,

184 3936 219 4001 b,
238 3935 262 3990 1.
281 3935 401 4001 Argilius
423 3933 461 3986 ist
480 3932 578 3985 Volks-
602 3932 680 3986 nicht
704 3934 756 3988 den
772 3933 853 3988 Infin.
872 3934 949 3989 Pasa.

149 4001 376 4073 Personenname‚
387 4020 409 4058 s.
424 4003 452 4056 d.
466 4002 536 4070 Reg.
550 4002 604 4055 Mis
614 4003 678 4056 wel·
737 4005 910 4068 Haoaiusrta
922 4000 1233 4073 ungewdhnlichestel·

150 4071 677 4145 obomWortebeginntimD.densata?
702 4073 778 4144 lang.

184 3761 398 3831 suspectandum,
413 3758 481 3813 dher
492 3761 541 3814 das
552 3759 680 3814 febleude

149 3848 207 3886 esse
222 3847 246 3884 s.
264 3846 299 3883 zu
312 3832 439 3897 saturum
457 3829 529 3886 Mitt.
548 3833 619 3897 1,1.
