2850 4604
200 321 242 393 ts
518 334 580 389 su.
603 332 814 389 nomsmoss
834 332 903 388 oss
930 279 959 384 s.

201 515 275 575 nos,
291 495 468 574 llizanthen,
487 493 687 574 Neontielnos,
710 512 853 575 musque
874 494 1002 555 eolleeta
1020 492 1131 573 primus
1151 489 1287 555 Gneus

201 584 330 644 civitatis
344 584 374 642 in
389 581 543 642 Threciam
559 584 691 659 introiit,
711 581 874 660 gloriosius
888 581 1075 656 existimans,
1092 578 1288 640 barbarorum

167 684 185 734 5
202 667 311 749 praeda
324 665 496 746 locupletari
512 684 597 745 mam
612 665 772 725 Graiorum
805 662 869 737 Qua
883 683 923 725 ex
934 683 970 724 re
984 671 1122 724 creverat
1134 664 1287 724 enniana

200 761 261 812 tum
282 751 407 831 opibus,
424 768 614 829 magnamque
631 751 785 811 amicitiam
805 749 862 809 sibi
887 767 952 815 oum
971 748 1143 827 quibusdam
1160 748 1287 826 regibus

173 848 184 868 ⁸
201 835 345 898 Threciae
360 843 527 915 pepererat,
778 871 790 883 -
1266 856 1277 867 ·

265 919 293 981 8.
316 918 423 998 Neque
436 927 533 978 tamen
549 937 565 978 a
579 921 702 980 caritate
716 921 830 998 patriae
843 919 941 997 potuit
952 917 1106 978 resedere.
1136 915 1210 977 Naar
1220 934 1286 977 eum

200 1004 276 1084 apud
287 1003 391 1080 Aegos
406 1003 512 1064 domen
522 1002 679 1080 Phildeles,
693 1011 820 1083 praetor·
827 1002 1062 1078 Atheniensi,
1076 1001 1202 1062 classem
1214 1018 1287 1062 eon·

150 1110 188 1151 rou
203 1089 349 1149 stituisset
365 1105 457 1164 maru,
473 1105 571 1167 neque
588 1087 679 1165 longe
694 1087 817 1148 abesset
830 1086 991 1164 Lysander,
1005 1093 1128 1165 praetor
1140 1085 1287 1146 Lacedae·

201 1173 376 1248 mertiorum,
393 1173 442 1251 qui
457 1174 541 1232 ineo
559 1180 622 1232 erat
638 1179 814 1251 oocupatus,
836 1180 868 1231 ut
889 1171 998 1232 bellum
1018 1187 1103 1250 quam
1122 1170 1286 1230 diutissime

203 1255 343 1333 duceret,
361 1256 445 1335 ‹puttd⁴
452 1258 525 1335 ipsis
540 1258 663 1335 pecunia
677 1275 695 1316 a
708 1274 782 1332 rege
799 1255 1056 1334 suppeditabatur,
1076 1263 1179 1316 eontra
1193 1253 1295 1323 Athe·¹

169 1353 185 1401 2
203 1340 354 1402 uieumbus
370 1340 519 1401 exhaustis
535 1349 655 1419 praeter
668 1359 746 1400 mma
763 1349 797 1400 et
812 1342 896 1399 navis
912 1339 983 1400 nibil
999 1348 1063 1399 erat
1077 1357 1183 1418 super:
1205 1337 1287 1398 Alei·

203 1424 307 1485 biades
322 1425 534 1485 adexereitum
553 1427 636 1484 venit
655 1424 878 1485 Atheniensium
899 1424 999 1502 ibique
1020 1431 1180 1503 praesento
1195 1422 1286 1500 vulgo

203 1525 296 1585 agere
315 1511 430 1586 eoepit:
454 1511 479 1567 si
495 1508 623 1584 vellent,
646 1529 681 1569 se
701 1517 867 1568 eoaeturum
881 1505 1059 1584 Lysandrum
1079 1508 1217 1568 dimieare
1237 1515 1288 1567 aut

204 1609 306 1670 paoem
319 1601 423 1671 petere
431 1615 444 1660 ;,
455 1592 593 1671 spondet,
603 1590 850 1654 Lacedaemonios
861 1611 900 1653 eo
911 1592 993 1653 nolle
1005 1591 1101 1654 olasse
1111 1591 1286 1669 confligere,

52 1689 62 1698 '
170 1697 187 1750 3
205 1674 284 1755 quod
299 1677 486 1755 pedestribus
508 1679 602 1756 copiis
620 1677 685 1756 plus
707 1695 792 1756 quam
806 1677 927 1738 nauibus
944 1677 1090 1745 valerent;
1112 1676 1169 1736 sibi
1190 1683 1287 1736 autem

204 1779 275 1822 esse
298 1760 386 1822 iaeile
407 1761 561 1838 Seuthem,
581 1780 684 1841 regem
704 1760 866 1837 Threcum,
887 1761 1051 1838 deducere,
1073 1770 1105 1821 ut
1127 1779 1192 1821 eum
1207 1769 1287 1821 terra

147 1855 164 1890 Ι
203 1844 384 1923 depelleret;
408 1864 466 1924 quo
488 1846 567 1907 laeto
582 1848 754 1908 necessario
771 1854 821 1906 aut
835 1846 933 1905 alasse
949 1845 1149 1906 conflicturum
1161 1853 1210 1905 aut
1224 1843 1285 1904 bel·

168 1927 261 1988 llum
275 1932 510 2008 compositurum
550 1930 582 1991 ld
607 1933 664 1992 etsi
689 1949 761 1991 vere
785 1928 893 1989 dietum
906 1928 1054 1990 Philocles
1076 1928 1286 1990 animadverte·
1370 2005 1375 2012 Ι

202 2011 264 2088 bat,
279 2019 376 2074 tumen
388 2014 535 2091 postulata
547 2016 646 2076 iacere
654 2015 760 2092 noluit,
773 2014 850 2094 quod
862 2013 1021 2091 sentiebat,
1033 2034 1068 2075 se
1074 2013 1229 2074 hleibiade
1240 2031 1288 2074 re·

202 2104 290 2173 cepto
303 2095 410 2157 nudius
422 2100 559 2159 momenti
575 2100 651 2178 apud
668 2101 830 2160 exereitum
841 2097 978 2175 futurum,
996 2107 1038 2175 et,
1050 2101 1076 2158 si
1086 2098 1155 2178 quid
1166 2097 1287 2159 seeundi

203 2181 371 2258 evenisset,
394 2181 501 2243 nullam
515 2184 546 2244 iu
563 2201 599 2244 ea
613 2202 647 2245 re
663 2202 744 2245 suam
759 2191 873 2264 partem
887 2184 972 2262 lore,
991 2191 1093 2244 eontra
1108 2201 1161 2261 ea,
1177 2184 1203 2243 si
1219 2181 1287 2262 quid

235 2384 263 2436 4.
296 2382 415 2436 Graecae
443 2383 560 2438 civitatis
589 2400 670 2456 „xnus
692 2384 732 2437 ei·
754 2383 899 2450 sentiebat,
930 2402 974 2446 se,
1001 2385 1139 2437 Alcibiade
1166 2393 1287 2453 recepte,

201 2468 262 2505 uem
275 2454 345 2518 -“;
368 2453 398 2507 in
423 2453 582 2521 Thronium,
601 2455 682 2507 oiml.
701 2454 730 2506 in
755 2455 857 2507 noune
890 2456 1015 2508 momenti
1043 2457 1120 2524 opud
1143 2458 1288 2508 nenton

200 2521 250 2575 du
267 2523 365 2575 iuuere
382 2522 529 2577 Thraeieo.
542 2522 728 2578 AuldeoKti·
753 2526 889 2590 futurum.
1325 2574 1332 2584 ,

199 2601 261 2644 steu
278 2592 332 2660 gab
351 2610 380 2646 es
396 2591 488 2660 lingat
502 2593 605 2661 grieeh.
620 2593 731 2647 Phaon·
789 2594 815 2646 si
832 2593 930 2645 vellent
947 2592 974 2644 d.
995 2590 1021 2644 h.
1044 2610 1123 2645 wenn
1148 2592 1189 2645 sie
1210 2592 1288 2646 aeine

199 2660 300 2714 stddte.
756 2660 921 2728 Foederuog
940 2662 1054 2715 erldlleo
1070 2663 1194 2714 mollten.
1205 2663 1287 2715 Dono

233 2730 393 2798 locupletari
418 2729 560 2785 fibemetze
583 2733 652 2786 uach
669 2753 730 2787 eru·
754 2748 803 2784 aus
817 2737 841 2796 5.
856 2730 993 2798 derhellt,
1006 2727 1112 2785 dass'er
1122 2731 1199 2784 aeine
1212 2732 1289 2785 Wie-

198 2799 272 2852 dt'tus
288 2805 328 2850 est
345 2797 439 2850 Them.
459 2800 505 2868 10,
526 2804 549 2854 1.
756 2800 949 2853 deraolnahmo
960 2802 1030 2853 heim
1041 2798 1288 2869 Heereverluugte.

234 2870 259 2919 b.
273 2884 327 2936 poa
342 2884 376 2917 ex
393 2885 423 2918 re
441 2866 488 2934 „in
507 2870 593 2938 Fulge
610 2870 730 2922 davou“.
789 2872 904 2938 spondet
922 2870 1169 2938 ,‚verbfirgtsieh“.
1188 2898 1223 2909 -
1238 2887 1289 2940 pe·

111 2976 113 2982 .
199 2966 234 2975 -
252 2943 373 2988 ereoerot
393 2962 427 2973 -
447 2947 609 3006 pepererat,
627 2955 657 2992 es
673 2957 731 2993 war
755 2942 855 2992 destres
883 2941 976 3009 copiae
1001 2940 1037 2993 im
1066 2942 1223 3008 Gegensatz
1252 2955 1288 2993 zu

199 3004 258 3058 dies
272 3002 435 3073 geschehen,
448 3005 497 3058 ebe
508 3007 554 3060 die
566 3008 600 3060 im
612 3009 731 3078 Folgen·
754 3010 833 3062 navis
867 3008 933 3060 oder
965 3010 1059 3064 elassis
1095 3009 1180 3063 heisst
1212 3009 1290 3063 nieht

200 3074 252 3128 deu
264 3072 569 3144 erudhltenllreignisue
580 3078 728 3132 eiutraten.
752 3078 939 3145 5,F'ussvolk“.

234 3143 262 3208 8,
281 3146 305 3196 l.
325 3143 422 3212 Neque
441 3152 542 3215 tomen,
556 3165 578 3200 s.
593 3165 626 3201 zu
641 3166 730 3218 nepae
789 3149 814 3200 3.
834 3150 962 3200 manem
980 3147 1233 3217 ‚‚duhinbriugen“.
1251 3176 1289 3187 -

199 3231 262 3267 vero
279 3217 308 3278 5,
328 3215 352 3266 l.
755 3235 831 3282 enne,
849 3216 1032 3284 Lysandrum.

234 3283 307 3337 Nam
324 3300 384 3336 enm
395 3291 443 3336 oet.
462 3283 519 3337 Der
532 3284 670 3353 Nnehsatz
683 3284 731 3340 he·
790 3304 843 3355 poe
854 3289 969 3353 foeto-
977 3288 1184 3355 compositurum
1196 3287 1289 3353 („bei-

198 3351 281 3421 glunt
298 3352 346 3403 mit
362 3357 388 3418 3.
410 3358 436 3407 2.
756 3356 880 3422 legeo“),
895 3374 917 3409 s.
931 3355 1002 3407 Milt.
1016 3357 1047 3421 3,
1062 3360 1078 3408 5
1091 3375 1143 3424 qno
1154 3358 1288 3410 exstineto

233 3429 381 3489 occupatos
400 3422 618 3492 ,‚besehdiligt“.
630 3452 664 3460 -
677 3424 729 3475 del·
755 3427 828 3494 ipsos
846 3443 948 3493 poenos
966 3428 1087 3478 daturos.
1099 3456 1135 3466 -
1152 3426 1289 3493 Subjeotl

197 3492 253 3543 lum
275 3493 382 3544 duceret
409 3493 461 3544 wie
489 3500 592 3562 tempus
621 3494 729 3546 duceret
756 3512 779 3550 s.
800 3511 833 3547 zu
850 3497 924 3563 effici
937 3513 1018 3563 posse
1035 3494 1106 3547 Mitt.
1121 3497 1153 3561 3,
1170 3498 1197 3547 4.

197 3559 291 3612 Tbem.
310 3563 340 3624 7,
360 3564 429 3615 1.-
445 3581 538 3631 poam,
556 3578 578 3613 s.
596 3578 630 3614 zu
650 3581 730 3631 poam
790 3570 816 3615 4.
845 3565 947 3618 nultius
974 3565 1099 3617 momenti
1122 3582 1179 3617 esse
1202 3563 1288 3631 „hein

196 3630 391 3698 infirmissima
409 3630 503 3684 Them.
520 3634 550 3698 6,
569 3636 595 3685 4.
755 3632 884 3697 Gewieht
908 3633 1011 3699 haben,
1037 3633 1136 3686 Niehts
1164 3634 1288 3701 gelteu“.

232 3715 326 3765 saepe
342 3699 396 3752 wie
414 3702 439 3766 7,
459 3705 485 3758 2.
682 3743 686 3751 .
754 3702 821 3754 Was
841 3703 886 3754 llir
903 3704 948 3755 eiu
967 3703 1104 3756 Genitiv‘t

231 3777 294 3822 erat
308 3784 391 3836 super
409 3777 445 3821 st.
461 3774 616 3838 supererat.¹
729 3776 738 3782 '
788 3775 920 3825 evenisset
936 3772 987 3824 wie
1005 3789 1039 3824 zu
1058 3771 1244 3825 fibersetzeu‘t
1263 3787 1287 3822 s.

231 3842 257 3891 2.
276 3839 372 3903 vulqus
390 3837 673 3905 hier‚,l(riaguvolk“.
688 3839 729 3891 Er
754 3857 788 3892 zu
814 3843 844 3893 id
865 3843 890 3893 si
910 3843 1039 3907 fecissent
1066 3842 1138 3894 Milt.
1160 3844 1189 3906 l,
1208 3844 1233 3894 3.
1252 3868 1288 3880 -

197 3907 360 3961 verbandelt
381 3907 409 3958 in
431 3908 528 3960 desuem
547 3908 728 3975 (legeorum,
753 3911 857 3964 nudum
880 3912 910 3963 in
933 3929 965 3964 ea
985 3930 1015 3964 re
1037 3928 1115 3965 soom
1131 3919 1212 3979 parte
1225 3911 1288 3974 fore

197 3993 240 4029 um
256 3977 304 4029 das
323 3976 396 4029 Heer
413 3994 447 4029 au
466 3976 622 4045 gewinneu.
658 3977 740 4043 nass„
753 3997 804 4048 „er
820 3980 910 4034 werde
921 3980 1081 4033 seioerseits
1093 3979 1193 4031 keiuen
1206 3978 1288 4031 Theil

197 4046 250 4100 ihm
269 4047 328 4100 dies
350 4046 468 4116 gelaog,
492 4045 561 4100 lehrt
578 4052 604 4113 s.
623 4051 640 4099 4
656 4049 730 4116 qood
754 4048 840 4103 daran
858 4050 976 4119 habeo“,
999 4048 1147 4103 wortliobl
1165 4064 1285 4107 —oon-
