2850 4604
499 345 570 398 ιιι.
605 346 769 400 nudamus
792 348 869 400 uae⁴
889 342 916 400 3.
1210 336 1251 405 79

161 511 255 565 mater
272 523 337 565 cum
350 502 482 582 Datame,
495 505 581 566 amita
594 504 799 584 Paphlagonis.
828 505 882 583 Ea,
903 507 971 585 quid
985 513 1133 585 ageretur,
1150 509 1251 569 resciit
1269 522 1287 572 5

161 588 310 668 liliumque
334 591 452 650 monuit.
482 588 537 650 llle
560 590 629 668 luga
649 591 810 669 periculum
832 593 953 652 evitavit
967 591 1133 670 bellumque
1148 593 1252 653 indixit

161 670 282 749 Thuyni.
310 673 342 733 ln
363 692 422 753 quo
438 693 501 734 cum
516 674 552 735 ab
570 673 789 752 Ariobarzane,
816 676 967 753 praelecto
981 674 1089 752 Lydiae
1105 684 1135 736 et
1149 675 1250 738 loniae

162 758 312 836 totiusque
326 757 483 837 Phrygiae,
498 758 634 820 desertus
650 767 743 837 esset,
758 759 848 820 nihilo
861 762 981 839 segnius
996 763 1201 839 perseveravit
1211 763 1251 822 vi·

160 859 285 920 rumque
303 842 405 920 Thuyn
419 845 499 923 cepit
517 863 580 904 cum
595 861 689 905 uxore
705 852 735 906 et
749 843 861 905 liberis.

224 927 252 988 3.
269 924 357 987 Cuius
380 928 448 988 iacti
466 929 600 1007 ueprius
620 928 694 989 fama
709 928 745 989 ad
759 947 862 1007 regem
885 946 968 1007 quam
987 929 1051 1008 ipse
1067 931 1249 1008 perueniret,

153 1009 238 1070 dedit
254 1028 380 1090 operam.
414 1011 516 1090 ltaque
532 1012 664 1073 omnibus
680 1013 779 1073 inseiis
797 1031 844 1090 eo,
860 1013 908 1073 ubi
924 1022 988 1074 crat
1005 1032 1070 1091 rex,
1088 1017 1170 1074 venit
1181 1033 1250 1093 pos·

161 1102 287 1175 toroque
308 1095 356 1156 dic
373 1094 493 1173 Thuyn,
511 1096 657 1187 hominpm
677 1098 791 1157 maximi
810 1099 945 1177 corporis
961 1097 1146 1175 terribilique
1162 1099 1250 1176 iacie,

159 1179 238 1258 quod
262 1189 292 1240 et
312 1181 397 1256 niger
418 1187 449 1239 et
470 1180 576 1259 capillo
598 1179 689 1259 longo
709 1181 858 1259 barbaque
877 1190 939 1242 erat
955 1184 1114 1260 promissa,
1140 1184 1250 1261 optime

158 1273 243 1323 veste
262 1265 348 1340 texit,
364 1281 448 1342 quam
462 1274 596 1344 satrapae
611 1267 686 1343 regii
702 1283 811 1342 gerere
827 1274 1016 1335 consuerant;
1035 1268 1148 1327 ornauit
1162 1269 1248 1328 etiam

158 1355 265 1425 torque
287 1357 375 1426 atque
399 1348 518 1408 armillis
534 1350 631 1410 aureis
652 1357 815 1429 ceteroque
835 1352 920 1428 regio
936 1349 1031 1411 cultu:
1054 1352 1119 1428 ipse
1135 1353 1247 1429 agresti
1266 1361 1281 1410 2

158 1431 266 1510 duplici
282 1432 404 1493 amiculo
419 1432 609 1494 circumdatus
630 1433 763 1514 hirtaque
785 1436 896 1513 tunica,
912 1453 1021 1512 gerens
1037 1436 1067 1495 in
1084 1437 1179 1514 capite
1195 1453 1245 1513 ga·

158 1515 232 1576 leam
246 1518 436 1594 venatoriam,
452 1517 554 1578 dextra
566 1536 651 1588 mauu
665 1518 785 1596 clavam,
809 1520 927 1580 sinistra
941 1519 1090 1598 copulam,
1112 1537 1168 1598 qua
1182 1522 1243 1579 viu·

157 1609 233 1660 ctum
244 1609 311 1662 ante
324 1620 357 1661 se
365 1601 513 1677 Thuynem
527 1602 644 1680 agebat,
660 1611 692 1662 ut
708 1605 732 1664 si
750 1603 841 1664 ieram
856 1603 980 1664 bestiam
991 1613 1103 1682 captam
1114 1603 1243 1664 duceret.

157 1681 250 1756 Quem
264 1703 327 1746 cum
344 1704 444 1746 omnes
465 1689 672 1766 conspicerent
695 1696 818 1767 propter
836 1688 996 1748 novitatem
1021 1696 1138 1748 ornatus
1161 1689 1244 1765 igno·
1261 1694 1295 1745 3.

61 1838 65 1850 ι
157 1777 271 1848 tamque
287 1770 418 1848 iormam,
436 1772 474 1831 ob
487 1789 608 1849 eamque
621 1790 683 1837 rem
697 1790 817 1849 maguus
829 1780 910 1832 esset
920 1789 1091 1849 concursus,
1105 1772 1160 1832 luit
1174 1789 1245 1831 non·

155 1871 261 1931 nemo,
282 1856 330 1932 qui
350 1864 527 1932 agnosceret
544 1855 655 1932 Thuym
669 1858 793 1934 regique
810 1856 965 1916 nuntiaret.
998 1854 1095 1915 Primo
1117 1872 1176 1915 non
1197 1872 1243 1915 ac·
1261 1865 1278 1913 4

155 1938 295 1999 credidit:
317 1940 414 2018 itaque
435 1940 652 2001 Pharnabazum
673 1941 751 2000 misit
772 1939 962 2018 exploratum.
1001 1939 1028 1998 Α
1050 1957 1108 2018 quo
1130 1947 1162 1999 nt
1182 1957 1244 2000 rem

88 2041 96 2071 x
155 2031 269 2100 gestam
283 2025 438 2102 comperit,
454 2026 549 2106 statim
564 2023 673 2085 admitti
688 2025 783 2101 iussit,
801 2041 980 2102 magnopere
998 2023 1160 2085 delectatus
1180 2041 1244 2083 oum
1275 2058 1276 2063 κ

155 2108 233 2167 iacto
255 2115 313 2167 tum
331 2117 445 2186 ornatu,
460 2110 489 2169 in
504 2109 603 2187 primis
620 2107 697 2188 quod
717 2107 825 2169 nobilis
843 2127 897 2168 rex
913 2109 942 2168 in
957 2115 1134 2187 potestatem
1151 2109 1244 2187 inopi·

155 2193 233 2251 nanti
251 2201 380 2252 venerat.
416 2191 517 2272 ltaque
540 2195 691 2271 magnifice
713 2191 1008 2264 Datamendonatum
1028 2193 1063 2253 ad
1084 2194 1243 2253 exercitum
1260 2209 1276 2258 5

154 2278 243 2353 misit,
258 2279 305 2355 qui
318 2285 376 2336 tum
389 2277 614 2338 contrahebatur
622 2277 695 2339 duce
703 2277 889 2337 Pharnabazo
908 2285 939 2338 et
951 2276 1118 2337 Tithrauste
1131 2277 1167 2336 ad
1180 2276 1242 2336 bel-

154 2358 407 2440 lumdegyptium,
421 2363 542 2442 parique
557 2381 622 2422 eum
633 2372 719 2440 atque
732 2360 800 2422 illos
812 2362 937 2440 imperio
949 2360 1118 2422 esseiussit.
1136 2360 1243 2421 Postea
1305 2360 1308 2374 '

155 2463 227 2505 vero
241 2445 545 2524 quamPharnabanum
557 2447 780 2523 rexrevocavit,
793 2445 950 2506 illisumma
956 2446 1070 2523 imperii
1078 2444 1181 2505 tradita
1188 2453 1242 2505 est.
1257 2466 1294 2508 aro

153 2596 206 2648 hen
220 2594 308 2658 wire,
318 2601 381 2662 eugt
394 2594 442 2648 der
454 2595 584 2649 Lateiner
599 2595 634 2647 im
643 2597 687 2648 ln·
712 2601 773 2649 crat
791 2594 921 2659 dignitate
937 2595 1019 2660 regio.
1054 2594 1165 2647 Ebenso
1185 2598 1208 2660 S.
1228 2597 1244 2647 5

153 2666 205 2718 dic.
221 2665 295 2716 Peri.
309 2664 357 2717 mit
369 2683 453 2734 prope
466 2665 510 2718 od.
522 2681 618 2733 poene.
711 2665 776 2735 pori
789 2664 899 2732 imperio
916 2681 983 2720 esse.

187 2740 213 2787 4.
237 2736 302 2802 quid
318 2745 444 2801 operetur
456 2735 598 2787 dbersetne
616 2731 687 2785 nach
746 2734 836 2787 cureio
848 2732 923 2786 ziebe
939 2734 1009 2785 auch
1020 2741 1168 2800 tutorque.

153 2805 182 2856 id
199 2806 244 2870 opi
260 2805 353 2857 Thero.
367 2808 397 2872 5,
412 2807 435 2857 l.
568 2807 572 2810 ’
747 2807 771 2856 2.
803 2803 862 2872 ipae
887 2803 1066 2856 circumdatus
1086 2831 1120 2842 -
1139 2817 1243 2867 perena,

188 2876 213 2926 5.
244 2891 304 2927 cnm
321 2873 372 2927 wie
394 2875 423 2925 in
442 2892 501 2928 cum
521 2873 687 2943 praefuisset
710 2871 873 2942 Apposition
895 2889 930 2923 zu
954 2873 1013 2925 dem
1034 2872 1166 2940 Subjecte
1188 2885 1244 2922 von

153 2942 200 2995 Ar.
214 2945 244 3005 3,
258 2947 283 2998 2.
299 2976 333 2986 -
350 2946 470 2999 desmtus
488 2951 556 2998 esset
570 2942 622 2996 wie
636 2941 686 2994 Ti·
711 2943 777 2999 texit
795 2958 820 2993 u.
840 2943 956 2996 ornauit.
976 2970 1007 2979 -
1027 2943 1126 3010 duplex
1142 2942 1244 2993 amicu-

153 3013 233 3065 moth.
247 3015 313 3078 3‚4.
710 3015 765 3066 lum
788 3010 874 3064 bildet
895 3010 999 3064 einen
1021 3010 1131 3078 Begriff
1152 3012 1186 3075 (e.
1208 3024 1242 3059 au

185 3082 269 3134 nihilo
283 3082 406 3147 segnius,
419 3079 585 3150 cigentliohi
600 3080 639 3132 Im
650 3080 684 3130 D.
710 3081 821 3138 honoris
838 3097 938 3148 corona
953 3080 1052 3136 Thrae.
1072 3084 1102 3146 4,
1120 3078 1163 3145 1),
1182 3079 1243 3130 des-

152 3153 246 3204 besser
263 3150 411 3203 affirmetis
427 3151 553 3218 „ebenso
569 3149 683 3217 eiirig“.
710 3151 772 3205 halb
788 3149 860 3203 kann
873 3149 942 3202 noch
954 3149 998 3201 ein
1011 3148 1136 3202 Attribut
1148 3147 1243 3200 hinzu-

190 3220 302 3290 Thupn,
322 3220 423 3288 griech.
442 3221 553 3285 Aecus,
579 3219 645 3287 (lep.
668 3219 684 3271 3
710 3226 811 3274 treten.

151 3290 248 3343 stehen
282 3290 325 3342 die
354 3289 534 3344 lateinischen
569 3290 685 3341 hormen
746 3291 773 3342 3.
783 3284 1243 3356 conspicerent„dieAugenaufihn

155 3359 294 3427 Thuynem
316 3375 340 3410 u.
363 3360 477 3427 Thapso.
710 3357 878 3424 richteteu“‚
895 3357 947 3408 wie
968 3356 1087 3425 conspici
1108 3353 1242 3408 unweilen

188 3432 221 3489 3,
233 3431 258 3480 1.
279 3428 399 3481 omnihus
410 3429 502 3482 insciis
516 3466 532 3495 „
540 3428 610 3480 ohne
622 3426 685 3479 dae·
710 3430 759 3496 „in
772 3426 815 3478 die
823 3425 919 3492 Augen
930 3424 1046 3491 fellen“,
1057 3441 1079 3479 ι.
1093 3424 1151 3480 Att.
1165 3425 1205 3492 13,
1217 3426 1243 3477 5.

152 3513 182 3550 ee
198 3496 310 3548 Jemand
324 3497 459 3565 watste“,
475 3496 686 3567 vg1.Milt.3‚6
745 3512 878 3550 nanneno
894 3494 1086 3562 „Mancher“.

151 3575 207 3620 tarn
222 3566 312 3618 multia
331 3567 452 3620 consciis.
745 3571 772 3619 4.
786 3582 843 3618 non
855 3564 1000 3618 accredidit
1010 3562 1121 3630 „welhe
1127 3579 1158 3614 es
1166 3562 1244 3615 nieht
1345 3565 1347 3569 ’

185 3636 295 3688 maximi
320 3636 439 3704 eorporis
457 3633 620 3701 terribilique
641 3634 687 3698 fa·
712 3633 857 3702 glauben“,
869 3652 892 3690 s.
904 3649 937 3685 au
949 3633 1089 3686 addubitat
1099 3631 1169 3684 Con.
1180 3633 1206 3698 5,
1214 3636 1240 3684 4.

151 3705 206 3770 eie,
231 3704 346 3758 beechte
370 3704 415 3757 die
434 3703 612 3771 Verbindung
637 3702 686 3755 dee
745 3706 816 3757 misit
833 3706 1001 3773 exploratum
1020 3702 1073 3756 wie
1091 3701 1242 3766 Milt.1,a

152 3776 222 3829 Gen.
236 3791 262 3829 ιι.
275 3774 335 3827 nbi.
350 3774 399 3828 der
411 3773 603 3841 Eigenschaft.
710 3775 889 3827 deliberatum.

186 3847 262 3910 niger
282 3844 309 3901 d.
321 3843 340 3896 i.
361 3843 627 3897 sonnenvarbrannt.
650 3869 684 3881 -
744 3844 849 3896 Betone
872 3842 1042 3911 inopinanti,
1069 3839 1148 3892 nimi.
1170 3837 1241 3906 ipsi;

152 3915 236 3967 bucha
243 3915 377 3982 promissa
386 3911 685 3980 „langhcrabhaiugen-
710 3913 745 3965 im
755 3912 789 3964 D.
804 3911 943 3965 entweder
953 3910 1127 3964 einAdverb.
1140 3907 1183 3960 od.
1197 3907 1241 3959 ein

152 3983 202 4036 der
219 3983 316 4036 Bart“.
340 3984 440 4036 'Ueber
461 4000 517 4035 esse
533 3981 604 4033 baim
621 3980 683 4034 Abi.
708 3981 874 4035 substantie
886 3980 934 4034 mit
946 3981 1024 4034 einer
1034 3979 1153 4047 Priipos.¹

150 4051 198 4104 der
222 4052 404 4119 Bigensehuft
426 4069 449 4106 e.
471 4067 506 4104 cu
526 4049 601 4106 mitt.
617 4051 683 4117 2,3
744 4057 768 4107 5.
779 4053 876 4105 Postea
885 4068 1036 4119 veroquam
1044 4047 1241 4112 wieDiond,3.
