2850 4604
560 357 607 407 33.
647 357 764 408 conon
786 356 862 408 cae.
880 350 907 408 5.
1229 344 1270 408 59

192 514 285 579 solam
300 514 520 578 contenderent.
551 516 622 578 Nam
637 516 739 578 ducem
754 517 871 594 fortem,
887 515 1058 596 prudentem
1072 515 1153 595 regis
1165 514 1270 595 opibus

192 602 390 683 praelatarum
405 620 438 661 ac
456 621 554 663 secum
566 604 762 664 dimicaturam
775 601 923 678 videbant,
940 619 1025 679 quem
1036 598 1132 680 neque
1145 600 1270 663 consilio

189 704 284 766 aeque
306 689 400 766 copiis
415 706 555 767 superare
570 697 703 767 possent.
746 687 806 747 llac
832 695 929 747 mente
952 704 1081 764 magnam
1099 685 1271 747 contrahunt
1288 693 1304 742 4

189 771 331 840 classem;
347 773 568 851 proficiscantur
585 772 725 833 Pisandro
741 771 824 837 duce.
858 771 919 832 llos
935 768 1038 831 Conon
1060 770 1135 851 apud
1151 768 1271 830 Cnidum

189 855 307 917 adortus
324 875 428 934 magno
443 857 559 936 proelio
575 858 673 936 lugat,
693 856 795 916 multas
814 874 905 916 33333
920 857 1017 936 capit,
1039 855 1204 934 complures
1220 855 1270 916 de·

189 942 294 1020 primit.
333 937 395 1012 Qua
416 943 540 1002 victoria
556 960 614 1002 non
632 942 725 1002 solum
740 939 874 1001 Athenae
893 941 945 1002 sed
963 942 1049 1000 etiam
1064 948 1165 1000 cuncta
1182 936 1271 1001 Grae·
1284 955 1321 1000 333

188 1027 249 1103 313,
276 1043 350 1104 quae
376 1025 429 1085 sub
458 1025 753 1087 Lacedaemoniorum
776 1025 872 1086 luerat
899 1027 1043 1105 imperio,
1068 1024 1193 1087 liberata
1214 1033 1268 1085 est.

98 1150 102 1157 -
189 1107 292 1170 Conon
307 1128 370 1170 cum
391 1118 474 1188 parte
490 1111 603 1170 navium
623 1113 652 1170 in
668 1112 790 1190 patriam
813 1111 910 1187 venit,
931 1128 1029 1170 muros
1053 1109 1165 1171 dirutos
1181 1127 1198 1170 a
1217 1108 1271 1186 lq·
1288 1124 1304 1174 5

187 1195 294 1255 sandro
310 1203 463 1272 utrosque,
478 1203 509 1254 et
523 1194 619 1255 Piraei
636 1204 666 1256 et
680 1194 875 1271 Athenarum,
894 1193 1069 1255 reficiendos
1084 1203 1166 1255 curat
1183 1211 1270 1273 pean·
1285 1209 1321 1252 333

186 1280 312 1357 uiaeque
331 1279 538 1356 quinquaginta
552 1278 677 1358 talenta,
694 1297 768 1358 qaae
788 1298 803 1339 a
818 1278 1005 1341 Pharnabazo
1021 1286 1187 1358 acceperat,
1202 1280 1272 1340 civi·

186 1362 241 1424 bus
259 1365 319 1422 suis
332 1362 428 1423 donat.

250 1449 278 1509 5.
301 1447 416 1508 Accidit
434 1447 518 1526 huic,
540 1448 618 1527 quod
638 1450 747 1511 ceteris
763 1448 952 1527 mortalibus,
973 1457 1004 1509 ut
1026 1448 1272 1510 inconsideratior

186 1534 217 1592 in
233 1532 359 1593 secunda
375 1550 458 1610 quam
472 1533 501 1592 in
521 1533 644 1595 3133333
661 1542 743 1596 essct
760 1535 883 1595 fortuna.
919 1532 992 1595 Nam
1014 1533 1108 1594 classe
1125 1532 1272 1614 Pelopon·

144 1634 151 1643 ’
186 1618 334 1677 nesiorum
349 1616 465 1677 devicta
479 1636 543 1678 cnm
557 1618 646 1679 ultum
658 1637 691 1681 33
706 1620 825 1680 iniurias
838 1619 949 1698 patriae
966 1626 1092 1699 putaret,
1111 1617 1192 1696 plura
1203 1636 1271 1679 con·

186 1702 297 1780 cupivit
318 1719 401 1780 quam
422 1703 542 1764 efficere
562 1705 666 1782 potuit.
708 1703 813 1783 Neque
837 1712 932 1764 tamen
956 1721 992 1763 ea
1015 1705 1141 1780 uonsspia
1157 1711 1187 1762 et
1203 1711 1305 1780 pro·2

179 1785 279 1846 ‘banda
295 1786 422 1863 luerunt,
441 1787 518 1865 qnod
533 1790 630 1866 potius
647 1790 759 1867 patriae
775 1805 848 1866 opes
861 1789 962 1865 augeri
975 1804 1058 1864 quam
1069 1787 1150 1863 regis
1161 1785 1268 1846 maluit.

185 1868 258 1930 Nam
285 1888 349 1931 cum
374 1889 505 1949 magnam
527 1875 730 1933 auctoritatem
762 1872 817 1932 sibi
849 1888 945 1950 pugna
970 1870 1020 1930 illa
1045 1869 1157 1946 navali,
1179 1877 1270 1948 'quam

186 1953 261 2032 apud
282 1951 402 2015 Gnidum
428 1956 556 2032 iecerat,
589 1958 792 2017 constituisset
819 1972 877 2015 non
903 1954 997 2015 solum
1024 1957 1101 2015 inter
1126 1954 1269 2015 barbaros

186 2038 239 2111 sed
265 2040 351 2099 etiam
372 2056 472 2100 omnes
494 2038 634 2101 Graeciae
658 2041 811 2117 civitates,
834 2039 907 2100 clam
926 2038 996 2100 dare
1018 2056 1137 2117 operam
1158 2040 1270 2117 coepit,

186 2130 217 2183 ut
237 2122 347 2184 Ioniam
369 2131 399 2183 et
419 2124 554 2185 Aeoliam
573 2126 746 2186 restitueret
761 2123 999 2186 Atheniensibus.
1037 2122 1069 2188 ld
1091 2141 1155 2184 cum
1177 2124 1269 2184 minus
1288 2133 1304 2184 3

185 2206 342 2296 diligenter
356 2216 439 2268 esset
455 2208 589 2286 celatum,
605 2209 774 2287 Phineias,
793 2211 842 2288 qui
858 2207 996 2270 Sardibus
1013 2215 1160 2289 praeerat,
1177 2205 1321 2269 0331333

185 2310 251 2352 nem
265 2295 417 2368 evocavit,
434 2294 569 2354 simulans
585 2294 620 2354 ad
637 2313 740 2373 regem
755 2314 820 2354 eum
835 2312 869 2354 33
884 2295 1001 2354 mittere
1020 2293 1217 2371 vallemagna
1233 2292 1269 2352 de

185 2394 227 2436 re.
261 2375 351 2436 lluius
368 2379 467 2437 nuntio
485 2396 592 2456 parens
614 2380 843 2453 cumvenisset,
865 2378 895 2437 in
917 2378 1012 2437 vincla
1033 2378 1183 2437 coniectus
1208 2384 1268 2444 esl;

185 2462 214 2520 in
229 2460 333 2538 quibus
348 2460 519 2538 aliquamdiu
534 2463 596 2522 luit.
638 2462 708 2523 Inde
725 2461 854 2522 nonnulli
870 2479 935 2520 eum
953 2461 987 2520 ad
1003 2478 1103 2536 regem
1119 2459 1270 2519 abductum
1286 2469 1303 2518 4

141 2529 158 2555 ’
185 2545 285 2622 ibique
298 2563 363 2604 eum
376 2546 501 2624 periisse
516 2547 654 2625 scriptum
666 2547 854 2625 reliquerunt.
889 2541 999 2603 Contra
1016 2562 1050 2604 ea
1066 2541 1163 2603 Dinon
1179 2541 1270 2602 histo·

186 2629 281 2705 ricus,
303 2629 348 2687 cui
373 2644 427 2687 nos
454 2628 605 2706 plurimum
624 2630 661 2691 de
683 2629 811 2690 Persicis
830 2627 920 2688 rebus
947 2627 1105 2704 oredimus,
1130 2625 1270 2703 effugisse

216 2764 324 2828 sortem.
339 2762 499 2831 prudentem
516 2779 537 2814 3.
556 2779 591 2816 zu
609 2763 676 2831 Lys.
689 2768 715 2831 4,
777 2765 800 2814 2.
820 2761 915 2830 Neque
939 2768 1027 2815 tantem
1047 2777 1103 2814 nom
1128 2759 1222 2827 „doch
1241 2759 1270 2811 in

184 2835 256 2883 2.-
270 2832 364 2901 opibus
382 2830 435 2885 wie
453 2831 524 2884 Mili.
544 2834 575 2899 5,
593 2835 618 2887 5.
742 2832 790 2884 der
809 2831 913 2897 Tuam,
932 2831 987 2899 vgl.
1014 2848 1100 2900 meque
1122 2848 1184 2883 aera
1214 2847 1269 2882 mom

218 2918 347 2970 superare
364 2899 423 2952 bier
439 2903 645 2966 ‚‚zuvortbun“.
741 2901 838 2953 Thras.
851 2906 875 2966 2,
886 2904 912 2953 2.
925 2929 958 2938 -
969 2901 1085 2971 pichier
1095 2919 1101 2952 =
1112 2899 1160 2951 133
1168 2898 1270 2951 Pflicbt

219 2974 245 3026 4.
265 2971 327 3021 Hac
343 2978 429 3022 3333333
447 2989 496 3036 „so
516 2971 670 3026 denkend“.
739 2987 827 3038 gegen
840 2969 887 3022 das
901 2971 1051 3023 Vaterland
1062 2969 1182 3037 gemina,
1201 2986 1268 3038 „pa-

216 3040 436 3109 proficiscumlur,
456 3056 479 3092 3.
497 3056 531 3093 zu
549 3040 621 3094 Mili.
640 3045 673 3105 2,
688 3043 712 3095 3.
740 3039 894 3092 triociach‘f.

215 3111 337 3174 [33931-
348 3109 587 3178 capit-deprimit
600 3110 715 3178 (‚‚bobrt
774 3108 956 3161 constituisset
977 3105 1150 3173 „b'egraindel
1168 3105 1270 3159 batte“.

183 3176 212 3227 in
232 3178 283 3229 den
310 3177 448 3245 Grund“).
480 3182 533 3232 Das
552 3180 713 3247 Aayndeton
739 3206 774 3217 -
797 3178 944 3230 sedetiam
967 3193 1056 3240 omnes
1080 3177 1210 3229 Graeciae·
1232 3178 1269 3229 ci-

171 3247 364 3302 ,3333133113131
379 3246 437 3300 bier
454 3248 499 3301 die
514 3248 634 3302 schnelle
646 3248 713 3302 Auf-
739 3249 850 3312 3113133,
873 3245 941 3299 saber
956 3245 1000 3298 die
1017 3245 1203 3312 Weglassung
1220 3245 1269 3296 133

186 3315 400 3382 einanderlclge.
738 3316 853 3384 Priipos.
869 3331 890 3366 ι.
907 3331 940 3366 zu
953 3313 1011 3366 Alc.
1029 3318 1060 3381 2,
1076 3318 1101 3369 2.

218 3387 267 3439 331
278 3385 548 3439 Lacedaemoniorum
563 3389 714 3453 sacratim·
775 3387 802 3438 3.
822 3385 925 3448 micus,
942 3402 964 3438 s.
982 3400 1016 3435 zu
1033 3385 1122 3437 minus
1135 3384 1267 3452 probolas

182 3457 266 3524 peric,
285 3455 339 3507 seit
356 3455 414 3506 dem
427 3454 506 3506 Euda
519 3455 566 3507 133
580 3456 715 3524 Pelopon·
740 3454 830 3507 Them.
853 3455 924 3515 1‚2.
1016 3500 1019 3507 .

184 3522 326 3577 neciscben
343 3522 466 3589 Krieges.
560 3573 561 3576 ,
774 3539 884 3576 evocare
908 3536 961 3588 „zu
986 3521 1045 3574 sich
1072 3521 1214 3576 fordern“.
1234 3551 1268 3560 -·

219 3597 243 3643 5.
269 3599 415 3660 utrosque,
445 3591 509 3661 jede
540 3589 589 3643 der
614 3592 714 3645 beiden
738 3589 1249 3657 3133313333.3331333333Μ111.7,4.

183 3663 300 3714 Manem
317 3661 355 3713 ist
374 3661 435 3714 eine
454 3660 600 3713 Mebrheit.
613 3690 647 3699 —
667 3681 713 3716 cu-
772 3667 798 3715 4.
814 3661 939 3715 apacati
955 3661 1085 3730 scriplum
1102 3661 1268 3729 reliquerunt

135 3746 138 3752 ’
183 3740 228 3784 rat
245 3731 361 3797 ,1113311Ι
737 3729 855 3795 (‚‚baben
875 3729 1118 3796 ausgezeichnew)
1133 3730 1268 3782 bebandle

216 3802 332 3866 talenta,
352 3816 374 3852 3.
392 3815 426 3851 zu
444 3797 518 3850 Mitt.
538 3803 562 3860 7,
576 3799 603 3851 θ.
737 3801 885 3853 3313Ρ333.
901 3803 930 3864 2,
949 3805 965 3853 2
986 3800 1152 3870 Thucydides
1172 3814 1266 3851 memo-

217 3872 245 3936 5,
267 3873 290 3923 l.
308 3871 405 3935 atram,
431 3869 498 3922 iaber
521 3864 569 3920 133
586 3868 712 3922 iehlende
737 3872 795 3922 riae
809 3870 937 3938 prodidit.

183 3956 243 3992 3333
262 3956 284 3995 e.
310 3957 342 3991 zu
364 3938 436 3993 Mitt.
456 3940 483 4002 1,
509 3939 532 3988 1.
552 3964 586 3976 -
605 3940 713 4008 patriae
772 3946 926 4004 contraea,
946 3955 968 3994 s.
986 3955 1019 3990 zu
1037 3937 1097 3990 Alc.
1113 3941 1144 4006 8,
1161 3939 1187 3991 4.

181 4023 290 4130 „lqegqp
315 4008 375 4061 sein
406 4007 586 4077 Valeriand“‚
617 4008 711 4062 Genit.
736 4079 753 4130 J
771 4009 866 4130 ι1111133333
884 4007 997 4128 lqlppein
1012 4008 1061 4060 der
1078 4006 1161 4059 Mitte
1176 4005 1224 4057 des
1239 4007 1264 4056 4.

183 4093 346 4131 orecnvan.
380 4096 383 4101 ’
754 4093 876 4132 33.3.
936 4093 960 4128 3.
