2850 4604
206 336 264 397 144
543 348 642 396 XXIII.
665 347 847 397 HANNIBAL
870 347 946 399 GAP.
963 343 991 395 9.

204 506 242 564 sit
264 506 294 564 in
317 504 422 564 finibus
445 499 680 580 Cyrenaeorum,
702 505 726 563 si
748 505 826 563 forte
848 501 1104 579 Uarthagmienses
1126 501 1161 560 ad
1185 500 1295 561 bellum

203 588 341 649 Antiochi
355 607 409 675 spe
421 587 583 731 lidpciaque
595 597 718 666 possent
730 588 836 665 induci,
848 590 893 647 oui
907 590 963 646 iam
976 594 1175 678 persuaperat,
1187 594 1217 645 ut
1230 604 1295 645 cum

204 673 384 734 exercitibus
403 675 432 732 in
449 671 462 732 l
478 673 560 732 aliam
577 674 823 751 proficisceretur.
854 670 916 732 Huc
930 671 1084 749 Magonem
1104 671 1224 730 fratrem
1244 689 1297 730 ex-

149 747 305 867 suffiti
315 756 348 818 ld
369 757 418 817 ubi
435 756 526 817 Poeni
549 758 750 851 resciverunt,
771 744 926 835 Hagdncm
948 757 1064 833 eadem,
1086 772 1141 834 qua
1163 755 1295 832 fratrem,

204 843 356 904 absentem
377 860 473 922 poena
493 841 663 928 affecerunt.
699 841 744 901 Illi
768 842 933 920 desperatis
949 841 1038 901 rebus
1055 858 1119 900 oum
1134 839 1296 900 solvissent

203 938 293 988 nares
308 945 341 986 ac
360 927 424 987 vela
440 928 535 986 ventis
551 924 616 986 dedi
636 935 719 1004 sent,
737 925 878 987 Hannibal
901 927 936 986 ad
952 924 1126 985 Antiochum
1141 926 1294 1004 pervenit:

204 1012 240 1073 de
262 1011 395 1088 Magonis
419 1011 539 1070 interitu
560 946 669 1110 dupdex
687 1013 826 1071 memoria
856 1010 971 1105 prodita
997 1018 1051 1070 est.
1084 1008 1215 1089 Namque
1244 1009 1295 1071 alii

181 1136 185 1142 -
204 1097 303 1157 naulra
327 1098 373 1172 io,
389 1095 437 1155 alii
452 1114 468 1155 a
484 1095 609 1190 servolis
625 1098 716 1175 ipsius
732 1097 918 1188 interiectum
929 1112 998 1156 'eum
1013 1096 1151 1175 scripturn
1167 1095 1292 1174 relique·

76 1115 471 1455 &Qunam
490 1189 604 1258 autem,
625 1183 649 1240 si
664 1162 776 1241 {min
792 1181 906 1258 agendo
922 1180 1002 1240 bello
1018 1178 1150 1240 consiliis
1166 1181 1229 1239 eius
1245 1198 1295 1260 pa·

203 1284 271 1326 rere
334 1265 455 1341 luisset,
483 1283 566 1342 quam
587 1267 616 1325 in
636 1266 822 1345 suscipiendo
842 1267 1024 1343 instituerat,
1050 1266 1171 1343 propius
1193 1264 1293 1326 Tiberi

153 1369 189 1411 sos
204 1368 288 1430 quam
307 1348 493 1429 Termopilis
511 1348 547 1409 de
563 1368 669 1411 summa
685 1351 799 1430 imperii
814 1349 989 1412 dimicasset.
1019 1346 1113 1421 Quem
1130 1351 1186 1409 etsi
1205 1350 1294 1410 multa

170 1449 187 1498 t
204 1434 293 1496 stulte
311 1436 410 1495 conari
425 1433 561 1512 videbat,
579 1442 675 1496 tamen
691 1435 768 1494 nulla
783 1435 913 1498 deseruit
928 1437 957 1495 in
972 1453 1014 1494 re.
1047 1432 1176 1494 Praeloit
1193 1437 1294 1514 paucis

153 1540 191 1583 sao
204 1520 338 1597 naribus,
355 1536 425 1598 quas
441 1537 479 1579 ex
492 1518 575 1596 Syria
593 1521 690 1580 iussus
707 1528 770 1580 crat
784 1521 814 1580 in
826 1519 925 1580 Asiam
939 1521 1058 1597 ducere,
1074 1519 1177 1597 hisque
1190 1518 1293 1580 adrer-

203 1623 253 1665 sus
268 1603 447 1665 Rhodiorum
460 1605 583 1664 classem
598 1606 627 1665 in
636 1604 808 1684 Pamphylio
820 1607 890 1665 mari
902 1604 1041 1664 condixit,
1069 1602 1134 1677 Quo
1148 1622 1212 1665 cum
1222 1604 1294 1664 mul-

205 1689 326 1749 titudine
346 1689 579 1750 adversariorum
602 1692 645 1750 sui
671 1697 896 1769 superarentur,
921 1691 1004 1768 ipse,
1032 1707 1090 1768 quo
1117 1707 1209 1750 cornu
1230 1708 1294 1750 rem

203 1777 310 1852 gessit,
331 1773 385 1833 fuit
404 1762 616 1918 superior&

267 1859 295 1920 9.
314 1856 461 1920 Antiocho
475 1859 543 1936 luga
559 1878 588 1937 o,
604 1877 710 2005 verpus
727 1878 763 1920 ne
782 1858 951 1939 dederetur,
969 1858 1047 1937 quod
1063 1860 1127 1920 sine
1142 1858 1230 1921 dubio
1247 1878 1294 1922 ac·

152 1943 341 2021 rescidisset,
362 1944 387 2003 si
408 1944 453 2003 sui
472 1945 595 2005 iecisset
612 1962 650 2023 po
685 1952 807 2023 statem,
830 1940 946 2005 Cretam
967 1944 1002 2004 ad
1021 1941 1179 2020 Gortynios
1200 1947 1293 2024 uenit,
1327 1950 1329 1954 “

135 2078 142 2085 .
168 2043 184 2092 2
202 2037 234 2089 ut
251 2029 303 2105 ibi,
320 2045 427 2105 quoae
447 2030 614 2107 conferret,
637 2029 846 2091 consideraret.
880 2029 961 2090 Vidit
984 2037 1079 2089 autem
1101 2031 1146 2090 vir
1168 2033 1293 2091 omnium

202 2111 420 2189 callidissimus,
438 2130 543 2189 magno
560 2132 593 2174 se
607 2114 673 2175 iore
690 2102 835 2194 periculo,
850 2115 906 2174 nisi
918 2112 986 2192 quid
1003 2113 1200 2194 providisset,
1224 2133 1292 2194 pro-

203 2246 296 2300 Tlrem.
313 2250 344 2309 4,
374 2247 388 2298 l
416 2245 521 2301 Xerxes
538 2250 666 2317 protinus
683 2267 729 2302 ar·
764 2249 821 2302 cias
853 2248 920 2315 geht
949 2249 1000 2301 sul
1024 2249 1076 2302 den
1100 2249 1292 2303 entiernteren

202 2317 280 2370 cessit
297 2324 369 2369 ostn-
763 2320 913 2373 Hannibal.

236 2387 261 2440 si
282 2386 375 2455 „0b“5
404 2385 585 2441 unterdrircht
610 2387 648 2440 ist
669 2404 730 2440 vor·
798 2390 956 2442 Instituerunt
972 2385 1025 2438 wie
1039 2390 1064 2456 2,
1083 2393 1109 2440 4.

202 2457 265 2511 hers
288 2472 331 2508 um
350 2472 383 2508 zu
403 2457 564 2513 senneber.
797 2460 911 2529 propios
934 2456 1000 2509 oder
1020 2458 1142 2525 proxime
1165 2456 1214 2510 mit
1232 2459 1292 2511 deur

237 2527 363 2580 Antiochi
376 2527 510 2580 verbindc
521 2528 561 2580 als
575 2527 671 2582 Genii.
682 2528 729 2580 ob·
763 2528 827 2584 Dat.
840 2534 911 2580 statt
927 2526 975 2577 mit
990 2525 1050 2578 dem
1067 2528 1163 2581 Aecus.
1185 2530 1223 2580 ist
1238 2530 1292 2581 sel-

201 2597 318 2652 iectirns
336 2597 384 2648 mit
399 2614 447 2665 spe
463 2599 623 2666 sidoniaque.
762 2603 819 2651 ten.
849 2596 899 2650 Bei
922 2595 1113 2666 Thermopylae
1125 2598 1220 2651 warde
1235 2603 1292 2650 An·

235 2671 261 2721 2.
288 2669 378 2719 eodem
403 2685 457 2736 pua
486 2667 630 2720 iibersetze
660 2666 729 2719 nach
763 2668 870 2721 tiochus
886 2667 921 2718 im
937 2666 964 2721 J.
980 2668 1028 2719 191
1044 2684 1070 2719 v.
1086 2666 1148 2719 cur.
1164 2685 1219 2720 von
1237 2668 1290 2722 den

151 2748 154 2757 '
200 2737 259 2790 Alc.
280 2739 311 2804 b,
339 2738 356 2789 3
388 2745 447 2789 erat
472 2739 562 2789 eodem
585 2754 638 2805 qno
657 2738 729 2788 Alei·
763 2738 882 2791 Rimern
901 2735 1075 2804 geschlagen.

201 2809 292 2861 bindcs
309 2822 400 2858 sensu.
420 2833 455 2843 —
479 2807 614 2859 absentem
634 2807 731 2874 gehdrt
798 2814 823 2861 4.
853 2810 927 2874 Quo,
951 2806 1066 2859 nimlicb
1087 2806 1205 2875 proelio,
1233 2825 1292 2861 was

200 2893 234 2930 an
249 2876 402 2940 Maponesn.
426 2878 429 2882 ’
576 2909 579 2915 -
764 2894 812 2931 aus
830 2876 953 2943 condicit
975 2893 1009 2928 zu
1028 2878 1188 2929 entnehmen
1208 2875 1255 2934 ist.

235 2945 385 3012 desperatis
402 2945 482 2997 redas
505 2943 556 2997 wie
574 2945 637 2999 Dst.
652 2946 683 3012 6,
702 2945 727 2998 3.
798 2965 850 3018 pao
869 2963 973 3010 cornu,
999 2946 1058 2999 Abl.
1079 2946 1218 3012 instrum,
1238 2947 1292 3000 wir

200 3041 235 3052 --
257 3014 317 3066 cele
339 3015 425 3067 centis
450 3017 599 3081 dedissent,
631 3013 667 3066 im
690 3015 725 3066 D.
763 3019 831 3085 „nui
845 3017 897 3056 -—“
915 3017 954 3093 Irp
966 3016 1029 3068 Das.
1046 3016 1289 3071 niebedasSubst.

201 3083 256 3136 sin
274 3085 365 3136 Wcrt.
763 3088 791 3139 in
815 3088 867 3140 den
890 3085 1047 3155 Hauptsstz
1069 3087 1121 3138 wie
1144 3091 1176 3153 7,
1199 3092 1215 3139 2
1236 3104 1290 3156 paro

234 3155 360 3207 mensorio
385 3153 438 3205 wie
464 3155 512 3208 Ar.
537 3158 570 3220 2,
600 3159 616 3208 2
645 3156 728 3211 huius
761 3159 818 3211 loco
837 3165 974 3225 reparent.
999 3134 1091 3209 Ucber
1108 3174 1194 3210 sorno
1211 3174 1233 3210 s.
1255 3173 1289 3208 eu

200 3224 512 3362 impppeip'sspcetspp'ripffle)
552 3303 610 3348 am
628 3313 679 3349 nur
693 3314 726 3349 zu
761 3227 822 3350 {eli
839 3231 855 3278 4
861 3263 870 3295 ,
888 3227 913 3278 3.
931 3251 964 3263 ·-
983 3243 1038 3277 rent
1054 3227 1136 3292 pessit
1159 3228 1212 3279 wie
1230 3227 1289 3282 Alc.

199 3383 218 3417 o
234 3365 362 3430 servolis3
383 3381 417 3416 ru
437 3313 584 3432 noosrdpio
603 3367 648 3419 hat
665 3384 725 3419 man
785 3335 833 3432 ’9,
853 3368 876 3419 1.
894 3367 1001 3431 sapato,
1020 3365 1066 3418 bei
1085 3364 1229 3434 Magnesia
1248 3384 1290 3420 sm

199 3433 297 3486 danaus
319 3451 371 3486 nur
392 3434 444 3486 den
464 3435 573 3502 Begriff
596 3436 643 3489 des
661 3436 726 3488 Um·
760 3437 849 3503 Berge
862 3435 1016 3503 Sipylusim
1025 3435 1289 3489 westlicbenKlein·

199 3504 334 3557 hommens
364 3520 398 3555 au
423 3508 586 3559 entnebmen
619 3505 725 3577 (Zeng-
759 3507 834 3558 asion
846 3506 915 3558 irnJ.
929 3505 987 3557 190.
1007 3505 1046 3556 Ins
1057 3504 1175 3559 Frieden
1186 3516 1290 3560 musste

200 3574 268 3640 ma).
304 3574 343 3626 Im
370 3573 402 3625 D.
425 3574 508 3628 suche
530 3576 574 3629 ein
600 3575 724 3645 Verbum,
760 3594 790 3629 er
809 3577 853 3630 die
870 3575 1066 3643 Auslielerung
1085 3574 1133 3628 dos
1150 3576 1289 3631 Hannibal
1313 3620 1317 3627 .

198 3643 315 3699 welches
333 3661 367 3696 zu
385 3645 481 3698 beiden
501 3652 586 3714 pesst.
606 3645 657 3699 Die
671 3647 724 3699 De·
759 3645 953 3716 verspreclren.

199 3713 387 3767 minutivform
416 3717 530 3769 servulis
561 3716 635 3768 steht
668 3718 727 3771 hier
791 3718 836 3772 stri
856 3717 966 3782 fecisset
983 3723 1143 3785 potestatem
1164 3713 1217 3768 wie
1235 3713 1286 3784 Aa.

199 3784 378 3838 rerichtliclr.
399 3815 432 3824 —-
455 3787 585 3855 seriprtum
603 3786 726 3856 (Neutr.)
760 3787 790 3852 3,
811 3789 837 3840 6.

198 3857 364 3924 reliquerunt
381 3854 435 3907 wie
454 3855 521 3907 Con.
538 3857 565 3923 5,
586 3860 613 3911 4.
793 3857 908 3924 Cretum,
921 3873 943 3908 s.
959 3872 992 3909 au
1007 3856 1202 3910 Chersonesum
1214 3852 1288 3907 Mitt:

234 3926 260 3982 3.
280 3942 359 3992 opere
377 3926 471 3978 bellurn
487 3925 560 3992 „den
578 3925 664 3995 Krieg
678 3927 725 3980 be·
761 3926 792 3995 1,
811 3929 837 3982 1,
879 3944 881 3951 ·

198 3994 324 4048 treibsn“
337 3997 363 4050 d.
377 3997 403 4047 b.
418 3994 491 4048 Alles
505 3997 655 4064 anordnen,
667 4013 724 4050 was
794 4001 818 4052 2.
845 3995 912 4066 quid
931 3996 1094 4066 procidisset
1118 3993 1200 4062 „sine
1217 3993 1289 4048 Vor-

199 4063 244 4119 die
256 4065 388 4137 Htihrung'
401 4067 543 4121 desselben
557 4067 675 4123 betriffr.
690 4096 724 4107 —
758 4067 882 4138 kebam
898 4071 999 4125 ΗΜ.
