2850 4604
118 374 120 379 -
232 339 292 403 176
428 351 511 402 xxv.
543 351 575 400 u.
593 349 794 399 eoueouuos
817 349 963 400 sumens
983 348 1059 399 aaa.
1072 345 1116 399 aa.

196 517 212 566 2
230 508 308 584 bum,
325 524 411 586 quem
424 507 507 567 initio
527 507 637 586 etipse
653 506 802 567 etmedici
819 513 1065 585 contempserunt.
1096 503 1168 566 Nam
1184 513 1329 584 putarunt

85 630 86 634 =
196 603 212 657 2
231 610 299 653 essa
317 600 487 668 tenesmon,
503 592 549 651 cui
564 589 693 651 remedia
708 590 819 651 celeria
833 589 987 668 faciliaque
1004 589 1256 668 proponebantur.
1282 589 1328 661 ,ln

229 676 366 736 boccum
385 684 445 735 tres
462 693 579 736 menses
597 676 660 735 sine
682 673 749 734 ullis
768 674 936 752 doloribus,
960 682 1164 753 praeterquam
1185 691 1260 753 quos
1286 693 1328 751 en

124 778 126 787 ’
229 761 379 821 curatione
391 759 537 839 capiebat,
553 760 796 838 consumpsisset,
813 758 911 820 subito
927 767 1005 818 tanta
1019 760 1064 822 ais
1081 757 1175 818 morbi
1190 760 1220 818 in
1236 777 1327 821 unum

229 845 396 919 intestinum
419 845 565 923 prorupit,
587 851 618 903 ut
633 851 765 906 extremo
785 852 918 923 tempore
934 861 989 922 per
1004 841 1118 902 lumbos
1136 840 1251 904 fistulae
1270 861 1325 923 pu·

195 944 212 993 4
230 929 270 989 ris
296 930 454 1008 eruperint.
491 927 589 1006 Atque
608 926 665 987 hoc
689 929 854 1007 priusquam
876 928 904 987 ei
928 926 1092 1004 accideret,
1117 935 1272 1006 postquam
1293 929 1354 990 in‘

229 1012 293 1074 dies
318 1011 439 1073 dolores
461 1028 634 1072 accrescere
661 1011 821 1091 febresque
843 1013 1006 1072 accessisse
1028 1013 1138 1088 sensit,
1160 1011 1324 1092 Agrippam

229 1114 372 1176 generum
396 1095 432 1156 ad
456 1114 490 1156 sc
517 1097 629 1156 accersi
653 1096 738 1156 iussit
761 1104 791 1156 et
818 1113 881 1156 cum
902 1113 939 1156 eo
959 1094 992 1156 L.
1014 1093 1181 1156 Cornelium
1200 1094 1323 1158 Ralbum

195 1183 212 1232 ⁶
230 1181 409 1258 Sextumque
424 1179 613 1251 Peducaeum.
646 1178 707 1240 llos
724 1189 754 1240 ut
768 1181 886 1242 venisse
900 1180 990 1258 vidit,
1012 1180 1040 1240 in
1062 1180 1188 1241 cubitum
1204 1181 1322 1242 innixus

229 1262 394 1338 ‘Quantam'
411 1264 505 1343 lnquit
526 1267 633 1325 ‘curam
652 1264 888 1343 diligentiamque
908 1263 1119 1336 invaletudine
1134 1282 1198 1325 mea
1215 1265 1323 1327 tuenda

228 1348 285 1410 hoc
304 1356 442 1428 ,tempore
464 1348 661 1426 adhibuerim,
682 1367 746 1409 cum
766 1366 819 1409 nos
841 1357 935 1409 testes
950 1347 1088 1426 babeam,
1109 1348 1179 1408 nibil
1194 1367 1322 1412 necesse

229 1442 276 1495 est
291 1432 422 1514 pluribus
438 1433 539 1493 verbis
555 1450 792 1494 commemorare.
819 1430 931 1506 Quibus
948 1434 1092 1512 quoniam,
1110 1441 1141 1494 ut
1155 1450 1257 1513 spero,
1275 1453 1322 1496 sa·

229 1517 339 1596 tisicci,
353 1536 400 1578 me
415 1517 486 1577 nihil
501 1516 604 1596 reliqui
620 1517 745 1595 fecisse,
770 1516 847 1597 quod
863 1516 898 1577 ad
912 1518 1066 1579 sanandum
1078 1536 1124 1579 me
1143 1519 1321 1598 pertineret,

195 1615 212 1666 6
229 1601 372 1682 reliquum
392 1610 455 1680 ast,
482 1610 513 1661 ut
535 1611 653 1680 egomet
673 1602 741 1662 mibi
762 1600 918 1663 consulam.
952 1600 984 1662 ld
1004 1618 1056 1662 vos
1076 1603 1212 1679 ignorare
1228 1601 1320 1664 nolui.

227 1685 300 1747 Nam
321 1685 389 1747 milri
410 1694 467 1748 stat
488 1686 569 1747 alera
585 1687 715 1748 morbum
730 1686 876 1748 desinere.
907 1683 1037 1764 Namque
1056 1685 1220 1748 hisdiebus
1237 1687 1320 1767 quid·

229 1770 296 1850 quid
311 1770 370 1832 cibi
386 1772 512 1850 sumpsi,
535 1772 575 1832 ita
591 1771 714 1851 produxi
730 1773 834 1849 vitam,
857 1778 887 1831 ut
904 1771 1034 1831 auxerim
1047 1769 1168 1832 dolores
1185 1773 1248 1835 sine
1264 1789 1321 1851 spe

229 1855 340 1917 salutis.
367 1852 464 1928 Quare
482 1873 499 1916 a
516 1855 601 1916 vobis
614 1865 685 1935 peto
702 1857 834 1935 primum,
851 1862 881 1915 ut
898 1853 1050 1915 consilium
1063 1854 1197 1935 probetis
1213 1874 1320 1938 meum,

229 1939 334 2002 deinde
351 1958 388 2000 na
404 1939 511 2001 irustra
528 1938 709 2001 dehortando
730 1939 872 2020 impedire
889 1940 1055 2001 conemini?
1117 1956 1119 1961 ·

292 2023 343 2086 22.
365 2022 425 2084 llac
445 2024 578 2084 ordiionc
600 2024 698 2086 babitu
719 2033 797 2086 tanta
817 2026 980 2086 constantia
1001 2026 1085 2086 vocis
1105 2033 1192 2104 atque
1212 2025 1320 2107 vultus,

231 2116 262 2168 ut
277 2126 336 2168 non
348 2109 456 2168 exvita
471 2108 525 2169 sed
542 2126 581 2169 ex
594 2108 681 2169 domo
696 2111 726 2170 iu
737 2109 851 2170 domum
862 2109 1013 2170 videretur
1026 2111 1163 2188 migrare,
1180 2128 1244 2171 cum
1258 2113 1321 2190 qui·

136 2240 139 2244 .
231 2191 297 2252 dem
311 2191 445 2271 Agrippa
471 2210 536 2252 cum
556 2192 629 2254 dens
650 2202 736 2272 atque
757 2192 892 2255 osculans
914 2202 1012 2254 oraret
1033 2202 1120 2273 atque
1135 2193 1320 2273 obsecraret,

197 2296 213 2346 2
232 2294 269 2336 ne
285 2274 321 2337 ad
340 2275 386 2354 id,
407 2275 485 2356 quod
500 2285 601 2337 natura
615 2287 755 2356 cogeret,
772 2279 837 2357 ipse
854 2297 971 2357 quoque
988 2279 1044 2338 sibi
1059 2277 1255 2356 acceleraret,
1276 2288 1319 2358 et,

164 2466 167 2471 ‘
269 2467 417 2525 macron,
450 2459 551 2514 Accua.
581 2461 629 2514 des
658 2461 761 2530 griecb.
788 2461 953 2528 terlaasen“,
978 2461 1032 2531 eig.
1058 2463 1157 2516 lueinen
1177 2461 1246 2516 Rest
1263 2480 1320 2517 nra·

230 2530 341 2582 Wortes
359 2537 488 2583 unesmoa
507 2529 736 2599 „Stublawang“.
789 2531 867 2583 chen.

231 2615 414 2722 attilii?
451 2599 510 2652 aar
545 2602 762 2670 '’V⁰'⁵⁰¹¹¹⁸⁸⁶¹¹’
788 2600 1016 2722 ,epar-asam
1024 2599 1249 2739 &iniimus-dd
1261 2601 1318 2722 tii

265 2740 291 2794 3.
314 2739 349 2791 la
367 2739 430 2805 boc,
454 2755 477 2789 s.
493 2753 527 2790 au
545 2739 574 2790 in
593 2755 647 2807 quc
666 2739 761 2798 Them.
787 2740 907 2792 desinere
924 2738 968 2794 ab.

229 2811 256 2875 2,
272 2807 297 2860 3.
821 2808 862 2861 ita
871 2808 990 2878 produxi
1002 2807 1093 2873 aium,
1112 2809 1148 2860 im
1162 2808 1196 2860 Ι).
1210 2808 1318 2864 solidabo

264 2879 295 2929 in
318 2892 403 2928 anum
430 2876 583 2928 intestinum
607 2875 694 2928 scvi'el
720 2877 760 2931 als
786 2878 883 2931 vorber
900 2872 1062 2945 „dedurcb“
1082 2876 1136 2929 eiu.

230 2945 258 2996 in
275 2944 372 2996 intest.
389 2942 483 3009 solum,
497 2943 627 2996 nacbdem
642 2945 702 2998 sich
716 2947 760 3000 die
822 2950 876 3014 22,
899 2950 921 3000 1.
943 2947 999 2998 Der
1011 2945 1165 3014 Hauptsata
1183 2944 1258 2999 stelit
1274 2961 1316 2999 au

230 3011 384 3090 Knnkbeit
405 3011 504 3065 rcrber
527 3013 597 3065 euch
622 3014 692 3067 nacla
711 3032 760 3068 an·
786 3016 865 3070 Eride
883 3033 937 3068 aon
955 3019 981 3081 s.
993 3018 1010 3067 2
1024 3032 1116 3084 preces
1128 3044 1163 3056 -
1177 3016 1316 3086 depavit.

231 3083 299 3135 darn
317 3079 412 3135 Scitam
431 3081 638 3150 bingeiuasert
656 3084 741 3139 batte.
820 3105 854 3139 ex
871 3088 946 3140 dcam
969 3087 1000 3138 in
1017 3087 1137 3152 domum,
1155 3104 1177 3138 s.
1196 3102 1231 3138 au
1248 3083 1315 3153 Lyn.

257 3152 370 3222 fistulae
387 3151 602 3219 ‚,Gescbwdre“.
786 3158 817 3223 3,
839 3158 865 3208 b.
1301 3198 1311 3211 .

264 3225 290 3278 4.
322 3221 387 3289 boc,
419 3221 498 3274 ndml.
525 3229 557 3276 ut
582 3239 632 3290 per
657 3223 759 3287 lumbos
817 3242 878 3278 cum
906 3224 1010 3291 quidem
1034 3221 1093 3274 bier
1120 3223 1181 3288 „als
1214 3221 1314 3291 gleich-

230 3291 338 3344 fistulae
354 3291 432 3360 puris
449 3299 631 3361 erumperent.
785 3294 884 3361 wcbl“,
903 3311 924 3345 s.
944 3309 978 3344 au
995 3291 1088 3347 Hann.
1106 3295 1133 3356 2,
1151 3293 1177 3346 6.

265 3361 295 3413 in
311 3361 366 3413 dies
390 3377 464 3429 „von
482 3361 543 3429 Τις
560 3377 594 3414 nu
613 3361 705 3431 Tagf‘.
725 3391 759 3400 -
819 3367 846 3420 2.
867 3365 946 3432 quod,
967 3361 1032 3430 obj.
1053 3378 1088 3415 au
1103 3371 1215 3428 cogeret,
1234 3361 1316 3414 imi).

128 3435 131 3443 ’
228 3430 328 3496 febres,
347 3429 398 3497 eig.
420 3430 670 3497 „Fieberanfdlle“.
786 3434 912 3500 „wozu“.
948 3432 1032 3499 Verg.
1053 3431 1124 3484 Aen.
1149 3432 1182 3493 3,
1199 3431 1233 3484 bb
1251 3432 1318 3500 quid
1391 3492 1397 3510 .

265 3500 380 3563 accersi,
398 3516 420 3552 s.
440 3516 474 3552 au
492 3500 564 3554 Dion
582 3505 613 3567 2,
632 3504 658 3554 2.
784 3520 840 3556 noa
865 3503 991 3555 mortalia
1012 3509 1124 3570 pectora
1148 3502 1232 3567 copia,
1253 3503 1316 3554 acri

265 3572 290 3621 5.
309 3568 378 3622 attii
396 3569 447 3622 wie
459 3569 513 3639 up.
525 3574 556 3638 4,
576 3570 592 3620 2
611 3571 680 3624 nibil
691 3588 759 3640 opus
785 3591 866 3625 sacru
880 3573 989 3639 fumea?

229 3639 348 3708 pecania
362 3647 411 3693 cat.
820 3642 878 3711 ipse
896 3658 1003 3710 quoquc
1020 3639 1072 3693 sibi
1088 3654 1137 3706 „er
1148 3637 1234 3691 scibat
1246 3637 1316 3690 eucb

267 3708 371 3775 Quibus
389 3707 569 3761 beaiebtsielu
586 3710 636 3763 eui
647 3727 709 3772 νοις
724 3710 760 3762 im
786 3709 832 3763 far
858 3711 951 3764 aeinen
980 3698 1090 3776 Tucim,
1121 3706 1185 3760 Det.
1214 3705 1318 3760 iucom-

232 3777 267 3829 Ι).
287 3784 362 3831 setae
378 3776 462 3830 deber
479 3776 523 3830 die
541 3781 567 3830 2.
585 3777 699 3837 Reraoa.
786 3779 865 3834 modi.
885 3808 919 3820 -
942 3780 1091 3832 accelerare
1114 3776 1172 3830 bier
1194 3775 1315 3831 latrans.
1374 3828 1378 3832 .

265 3848 388 3915 satisfeci
407 3846 466 3899 bier
485 3845 548 3912 „iel
568 3848 637 3902 habe
655 3864 759 3917 geuug·
785 3849 902 3918 ‚,eileu“.
971 3872 983 3898 r

231 3932 286 3970 ram
303 3916 488 3985 dargetban“;
507 3916 617 3971 desbslb
630 3919 699 3988 iolgt
711 3918 761 3972 der
820 3927 898 3973 et-
915 3926 1072 3981 memoret,
1091 3931 1148 3972 was
1164 3915 1204 3968 ist
1221 3913 1316 3968 hieran

230 3985 330 4043 Aecus.
347 4005 372 4044 c.
390 3987 472 4040 Infint
787 4005 836 4043 aus
851 4006 886 4043 ne
903 4005 937 4044 au
956 3987 1114 4055 arguissent
1138 4002 1161 4041 ι.
1182 4000 1216 4036 zu
1234 3983 1315 4041 llum.

265 4058 335 4113 attii
350 4056 555 4130 reliquissem
577 4056 696 4123 „Nicbta
711 4073 761 4113 uu·
786 4060 818 4129 d,
835 4063 852 4115 2
867 4076 902 4113 nc
918 4078 947 4114 aa
963 4065 1078 4114 moveret
1095 4063 1121 4113 et
1139 4062 1316 4129 σαρκίνοις
