2850 4604
175 332 216 400 68
503 347 549 394 xr.
573 344 781 395 renueremus
805 344 880 394 cun.
901 341 926 394 1.

239 504 287 565 10.
304 500 445 565 Confecta
464 502 571 581 caede,
594 520 656 562 oum
676 501 828 562 multitudo
850 502 962 562 visendi
985 503 1079 580 gratia
1099 503 1267 582 introisset,

174 589 302 650 nonnulli
325 589 360 650 ab
383 589 482 649 insciis
502 606 556 668 pro
578 589 674 647 noxiis
697 587 894 647 conciduntur.
936 586 1008 647 Nam
1031 587 1123 648 celeri
1146 606 1267 652 rumore

174 673 274 751 dilato,
291 673 378 734 Dioni
392 675 449 733 vim
462 672 591 749 allatam,
613 671 693 731 multi
708 679 934 748 concurrerant,
950 672 1055 751 quibus
1076 672 1134 733 tale
1151 673 1266 734 lacinus

139 774 156 822 2
174 757 357 837 displicebat.
388 756 423 817 lli
439 757 512 817 ialsa
528 757 696 835 suspicione
712 755 788 816 ducti
800 757 986 817 immerentes
998 766 1029 816 ut
1040 756 1203 819 sceleratos
1216 776 1266 819 oc·

153 842 280 905 'ciduut
312 841 403 902 Huius
419 842 455 902 de
471 849 565 902 morte
583 849 612 900 ut
628 840 721 918 pelam
735 840 840 900 lactum
859 850 915 918 est,
930 840 1102 901 mirabiliter
1112 841 1192 920 vulgi
1204 862 1266 903 mu·

173 935 232 991 tata
248 936 294 987 est
312 925 453 987 voluntas.
480 923 552 985 Nem
568 926 615 1004 qui
629 926 724 985 vivum
740 942 805 985 eum
816 933 965 1001 tyrannum
976 927 1150 1004 vocitarent,
1168 927 1265 988 eidem
1282 978 1285 982 .

173 1011 363 1072 liberatorem
377 1012 488 1089 patriae
506 1011 677 1088 tyrannique
694 1010 881 1089 expulsorem
903 1010 1118 1089 praedicabant.
1149 1009 1199 1071 Sic
1216 1031 1264 1073 su·

172 1095 236 1156 bito
253 1094 454 1156 misericordia
469 1094 537 1155 odio
554 1103 749 1172 successerat,
766 1102 797 1154 ut
813 1113 878 1154 eum
892 1112 946 1155 suo
962 1095 1102 1172 sanguine
1117 1096 1153 1155 eb
1167 1094 1264 1156 Ache-

139 1186 156 1237 3
173 1187 269 1257 runte,
291 1182 315 1239 si
332 1187 466 1258 possent,
486 1187 628 1258 cuperent
639 1178 794 1238 redimere.
821 1178 922 1257 ltaque
941 1181 971 1240 in
983 1179 1056 1240 urbe
1067 1179 1264 1241 celeberrimo

121 1280 160 1322 ees
174 1261 253 1341 loco,
269 1263 363 1324 elatus
379 1263 507 1342 publice,
527 1262 654 1341 sepulcri
669 1272 854 1323 monumento
873 1263 994 1324 donatus
1008 1271 1064 1324 est.
1091 1262 1176 1323 Diem
1188 1265 1265 1325 obiit

173 1348 291 1408 circiter
312 1365 401 1408 annos
425 1350 631 1426 quinquaginta
654 1351 780 1425 quinque
796 1345 896 1425 natus,
919 1357 1140 1428 quartumpost
1159 1366 1265 1409 annum

173 1450 256 1512 quam
272 1451 310 1493 ex
325 1432 533 1511 Peloponneso
551 1434 581 1490 in
598 1431 724 1491 Siciliam
740 1431 876 1493 redierat.
988 1485 991 1493 .

469 1769 537 1846 XI.
580 1767 962 1846 IPHIORATES.

238 1931 264 1984 1.
279 1923 493 2002 Iphicrates
509 1923 699 1984 Atheniensis
711 1942 769 1985 non
782 1933 838 1984 tam
850 1923 1045 2001 magnitudine
1057 1941 1155 1983 rerum
1163 1932 1264 2001 gesta·

171 2026 233 2068 rum
247 2024 331 2086 quem
346 2007 497 2087 disciplina
514 2009 629 2069 militari
648 2008 816 2069 nobilitatus
836 2017 890 2068 est.
921 2007 986 2068 Fuit
1010 2009 1085 2069 enim
1110 2007 1176 2069 telis
1191 2008 1265 2086 dux,

171 2100 202 2153 ut
222 2109 281 2151 non
301 2091 393 2152 solum
416 2094 519 2155 aetatis
539 2111 610 2153 suae
634 2111 697 2154 cum
719 2094 818 2173 primis
838 2100 1071 2171 compararetur,
1098 2091 1206 2154 sedne
1225 2092 1264 2154 de

138 2192 155 2239 2
171 2176 330 2236 maioribus
349 2185 415 2236 netu
436 2176 551 2256 quidem
567 2178 718 2257 quisquam
737 2185 974 2256 anteponeretur.
1008 2175 1127 2236 Multum
1141 2195 1216 2239 vero
1231 2179 1263 2239 in

172 2260 253 2321 bello
265 2269 311 2320 est
323 2270 466 2338 versatus,
481 2279 571 2341 saepe
589 2262 766 2322 exercitibus
779 2263 921 2341 praefuit;
939 2278 1077 2340 nusquam
1088 2261 1173 2341 culpe
1184 2261 1262 2322 mele
1303 2325 1306 2329 ,

172 2363 234 2406 rem
251 2347 364 2423 gessit,
386 2363 504 2424 semper
524 2345 649 2406 consilio
673 2348 742 2406 vicit
762 2354 927 2426 tantumque
945 2365 982 2406 eo
998 2346 1105 2424 valuit,
1123 2354 1154 2406 ut
1170 2346 1263 2406 multa

137 2438 154 2490 3
171 2431 201 2491 ἰιι
215 2449 249 2492 re
264 2429 380 2491 militari
402 2432 506 2510 partim
524 2449 599 2491 nova
613 2431 743 2491 attulerit
762 2433 866 2511 partim
887 2431 1008 2491 meliora
1031 2430 1146 2492 iecerit.
1175 2429 1262 2495 Nam·

171 2533 228 2594 que
244 2514 296 2576 ille
313 2514 463 2594 pedestria
481 2533 559 2577 arma
573 2517 706 2577 mutavit:
729 2534 791 2576 cum
806 2524 873 2575 ante
888 2516 967 2576 illum
982 2518 1189 2595 imperatorem
1203 2533 1263 2576 ma·

206 2685 255 2749 lt,
269 2685 293 2736 1.
309 2684 344 2735 ab
362 2684 464 2748 insciis,
483 2683 704 2750 dieBedeutung
728 2701 788 2736 rum
811 2692 957 2749 pectorum.
989 2680 1107 2735 Hiermit
1131 2682 1193 2735 sind
1218 2684 1263 2750 je-

172 2752 263 2804 ersieb
284 2766 334 2804 eus
351 2753 616 2816 consciissocincrie
633 2754 659 2818 9,
677 2755 701 2806 1.
728 2752 797 2805 doch
810 2754 870 2805 dem
882 2754 938 2822 lpb.
953 2770 1047 2820 grosse
1059 2751 1260 2820 Kriegstheten

169 2847 205 2859 —
220 2838 272 2889 pro
289 2822 378 2873 nomio
390 2822 448 2886 „als
464 2821 526 2872 —“.
727 2823 914 2889 keinesweges
933 2821 1144 2892 ebgesprochen.
1165 2851 1202 2862 ·—
1218 2823 1261 2874 di-

170 2895 173 2900 ’
205 2889 290 2962 celeri,
306 2907 330 2942 s.
346 2907 379 2941 zu
399 2891 479 2955 pravi
495 2896 526 2957 2,
545 2893 570 2942 4.
726 2893 843 2960 sciplina
862 2893 1002 2960 militaris,
1028 2891 1104 2944 nicht
1121 2889 1262 2960 „Kriegs·

195 2966 245 3014 ett-
258 2961 401 3013 sceleratos
429 2959 489 3027 „als
513 2960 558 3013 die
582 2960 700 3014 Verbre-
726 2962 837 3026 zucbt“,
862 2961 981 3014 sondern
1010 2960 1182 3028 „Kenntuies
1210 2961 1260 3014 des

170 3025 265 3081 cluer“.
725 3031 947 3098 Kriegswesens,
961 3029 1176 3098 Kriegskunst“.

204 3101 230 3151 2.
249 3097 341 3151 Huius
354 3099 386 3150 de
403 3106 487 3152 morte
501 3107 532 3152 ut
546 3099 637 3167 polum
653 3102 700 3166 sc·
760 3102 874 3154 maiores
892 3108 962 3155 notu
980 3100 1085 3153 hierius
1098 3101 1258 3166 Gegensetz

169 3174 241 3222 ctum
256 3174 308 3234 est,
326 3167 413 3221 soviel
432 3167 473 3220 als
485 3177 515 3221 ut
529 3168 584 3236 pel.
598 3169 701 3222 factum
727 3188 759 3223 zu
787 3171 884 3223 aetatis
907 3188 974 3223 suae
999 3170 1068 3235 „die
1093 3168 1257 3238 Aelteren“‚

169 3241 219 3297 eet,
238 3236 371 3306 quomodo
388 3243 509 3290 mortuus
526 3244 607 3291 esset.
727 3241 771 3292 die
788 3256 837 3291 vor
853 3239 944 3292 seiner
959 3240 1022 3291 Zeit
1039 3240 1140 3292 lebten.

203 3308 250 3361 Sic
266 3306 364 3374 gehdrt
382 3324 416 3360 cu
432 3316 607 3364 antecesserat.
762 3314 785 3362 2.
804 3311 884 3378 culpa
903 3325 970 3378 „eus
989 3305 1206 3362 Verscbulden“.
1223 3336 1259 3346 —

139 3430 144 3439 ,
203 3393 254 3430 etto
272 3376 321 3430 mit
337 3377 500 3431 Nechdruclr
526 3379 578 3431 wie
603 3377 631 3430 in
648 3396 701 3431 suo
727 3380 837 3432 consilio
857 3379 909 3457 wip
936 3379 1034 3433 Thrae.
1056 3382 1085 3445 i,
1105 3381 1122 3430 4
1139 3394 1182 3430 ree
1199 3376 1259 3430 atta

168 3446 297 3499 modestia
308 3446 381 3499 Mitt.
403 3450 433 3510 l,
455 3450 477 3500 l.
498 3477 533 3487 -
550 3449 700 3514 Acheruns,
726 3468 744 3501 a
763 3448 873 3501 consilio
884 3450 922 3500 cd
934 3451 1004 3501 eires
1016 3450 1259 3517 uimquepeqnon·

169 3515 253 3568 altere
277 3516 358 3568 Forur
384 3516 430 3568 ffir
456 3518 593 3585 Acheron,
619 3517 700 3569 Fluss
725 3520 799 3572 ticon.
812 3516 1259 3585 Gegensetz:nicbtdurchTrup-

168 3583 219 3637 der
236 3585 405 3648 Unterwelt,
427 3586 500 3638 dann
524 3587 570 3640 die
594 3587 700 3641 Unter-
725 3587 852 3656 penzabl,
871 3588 927 3655 vgl.
945 3587 1062 3639 Timotlr.
1083 3591 1109 3653 4,
1121 3587 1148 3639 6.

168 3654 235 3708 weit
252 3653 346 3707 selbst.
359 3685 392 3693 —
404 3657 545 3725 adpossem
557 3656 700 3710 fibersetce
758 3664 864 3710 lantum
881 3675 911 3708 eo
928 3658 1015 3710 voluit
1030 3673 1108 3722 „war
1126 3654 1207 3707 derin
1225 3671 1258 3707 eo

169 3724 239 3778 uach
255 3725 281 3776 si
294 3725 352 3792 ipse
360 3728 546 3791 finpereeellet
561 3725 620 3783 stc.
635 3729 698 3792 2,1.
724 3726 965 3792 ausgezeichnet“.
980 3758 1013 3767 -
1026 3726 1148 3780 attulerit
1158 3753 1193 3764 —
1212 3725 1258 3790 fe·

201 3794 228 3848 8.
255 3795 419 3847 celeberrimo
450 3795 532 3864 „sehr
558 3796 699 3854 besucht“.
723 3795 884 3864 ceril,u“1ber
901 3796 946 3848 die
965 3794 1259 3864 Temporefolges.zu

167 3892 203 3903 -
218 3864 325 3935 publice
340 3863 393 3917 wie
411 3864 457 3915 Ar.
476 3866 505 3932 3,
522 3868 547 3920 3.
723 3864 795 3918 Mitt.
815 3867 846 3931 t,
864 3870 890 3919 2.

201 3933 697 4004 ctmcttttzutemsupremumotttt
757 3935 782 3988 3.
804 3937 940 4004 pedestria
962 3953 1053 4001 omno,
1078 3935 1127 3986 dae
1147 3931 1258 4000 Adject.

168 4001 226 4056 Alc.
250 4005 296 4072 10,
314 4005 340 4058 6.
362 4003 695 4074 Ebendeer‘rberuotus.
723 4005 885 4058 verteuscbe
906 4007 940 4057 im
959 4005 990 4056 l).
1009 4005 1056 4057 mit
1078 4004 1165 4056 einen
1184 4002 1257 4056 sut-

204 4073 232 4140 l,
252 4076 276 4131 l.
293 4089 348 4126 non
367 4082 422 4127 tam
446 4076 633 4142 mpnbodinc
654 4093 697 4129 re·
720 4082 808 4128 stant.
826 4071 861 4127 im
880 4075 976 4130 Genit.
