2850 4604
476 368 536 418 vu.
571 340 783 431 decumanus
805 366 880 417 car.
902 363 930 418 4.
1202 354 1243 419 43

162 525 343 608 opprimeret
360 523 470 606 populi.
508 524 575 588 llud
592 525 715 588 maxime
738 527 896 588 convenire
918 527 949 588 in
965 525 1146 589 Alcibiadem
1163 526 1244 589 uide·
1260 533 1278 586 4

160 612 261 690 hatur,
287 610 364 691 quod
384 619 415 672 et
435 613 585 690 potentior
609 620 640 672 et
659 613 752 672 maior
765 628 847 691 quam
869 613 998 692 privatus
1014 612 1242 675 existimabatur.

160 695 268 757 blultos
284 697 360 757 enim
384 695 561 758 liberalitate
583 695 772 774 devinxerat,
796 696 896 776 plures
919 698 1005 759 etiam
1021 715 1112 778 opera
1130 699 1242 760 lorensi
1334 695 1336 697 ’

161 798 232 841 suaa
247 780 421 843 reddiderat.
454 779 551 854 Quare
568 782 667 859 flebat,
683 791 714 842 ut
726 784 851 842 omnium
864 782 984 860 oculos,
1003 783 1243 863 quotiescumque
1260 787 1279 838 t

159 866 189 924 in
201 865 352 945 ‘publicum
366 864 533 945 prodisset,
551 866 587 928 ad
603 886 635 928 ae
651 874 853 945 converteret,
869 884 965 945 neque
982 868 1010 929 ei
1025 885 1079 947 par
1093 871 1246 946 quisquam

158 950 329 1011 incivitate
352 958 541 1030 poneretur:
568 950 671 1032 ltaque
692 968 750 1012 non
771 952 864 1012 solum
888 969 969 1030 spem
991 953 1021 1013 in
1044 970 1081 1031 eo
1096 952 1244 1013 habebant

58 1061 60 1064 ’
158 1036 325 1113 maximam,
350 1035 404 1096 sed
416 1037 506 1095 etiam
521 1037 671 1113 tlmorem,
693 1034 770 1113 quod
792 1044 822 1097 et
837 1036 946 1096 obesse
961 1036 1112 1116 plurimum
1128 1044 1159 1098 et
1173 1053 1244 1116 pro·
1325 1099 1328 1103 ,

158 1119 246 1180 desae
264 1127 389 1199 poterat.
430 1119 657 1198 Aspergebatur
678 1122 765 1180 etlam
790 1121 923 1198 iufamia,
944 1121 1022 1200 quod
1044 1122 1075 1182 in
1089 1120 1175 1181 domo
1190 1123 1276 1182 suad

157 1203 258 1265 iacere
274 1206 413 1280 mysteria
432 1203 598 1271 dicebatur;
621 1204 698 1283 quod
719 1205 801 1265 nefas
824 1213 886 1265 erat
902 1222 984 1266 more
1000 1205 1241 1267 Atheniensium:

157 1286 246 1367 idque
264 1305 322 1348 non
337 1287 373 1347 ad
388 1286 579 1368 religionem,
600 1288 652 1350 sed
670 1288 705 1349 ad
720 1290 950 1351 coniurationem
970 1292 1122 1370 pertlnere
1143 1291 1244 1352 existi·
1329 1321 1332 1326 ·

157 1372 296 1434 nabetur.

217 1459 247 1519 4.
270 1455 334 1517 Hoc
351 1457 470 1519 crimine
493 1460 522 1519 in
546 1459 688 1520 concione
709 1458 746 1520 ab
767 1458 889 1520 inimicis
911 1460 1147 1541 compellabatur.
1184 1459 1243 1522 Sed

156 1542 282 1602 instabat
300 1550 414 1621 tempus
437 1542 473 1603 ad
494 1542 603 1605 bellum
626 1543 839 1623 proficiscendi.
876 1543 909 1606 ld
928 1545 979 1606 ille
1004 1547 1120 1607 intuens
1146 1562 1244 1624 neque

156 1628 295 1705 ignoraus
311 1628 417 1688 ciuium
432 1644 549 1689 suorum
564 1627 802 1689 consuetudinem
816 1629 1001 1709 postulabat,
1024 1632 1049 1692 si
1071 1630 1139 1708 quid
1156 1630 1193 1691 de
1209 1648 1243 1692 se

156 1712 203 1792 agi
219 1711 342 1790 vellent,
360 1713 459 1792 potius
476 1712 512 1774 de
528 1721 686 1792 praesente
700 1715 836 1792 quaestio
848 1713 1017 1793 haberetur,
1035 1732 1119 1794 quam
1135 1713 1243 1776 abacos

154 1862 260 1917 amatia
272 1861 394 1931 beclem,
403 1857 450 1916 ‘im
465 1864 500 1921 D.
514 1865 555 1917 als
567 1865 684 1921 Adverb.
712 1862 830 1931 glauben
849 1864 934 1918 lraier
947 1865 1138 1925 sudreiensem,
1151 1880 1243 1918 tamen

154 1933 204 1986 mit
215 1934 274 1985 dana
287 1928 406 1986 Verbum
419 1950 453 1986 uu
466 1935 628 1988 verbinden.
695 1986 697 1991 .
712 1933 753 1987 sie
769 1933 899 1987 mitanter
923 1952 958 1988 uu
977 1933 1244 2001 Ausschweilungen

188 2005 213 2056 4.
225 2003 296 2067 Hoc,
310 2001 353 2054 die
366 2003 434 2055 eben
446 2002 623 2059 bezeichnete
634 2006 686 2057 Be·
713 2009 887 2071 uuegeurtet3
911 2004 1033 2059 wcahalb
1059 2021 1088 2058 et
1110 2005 1243 2057 verboteu

154 2070 311 2138 fiirchtung.
324 2101 357 2110 -
374 2074 558 2141 convenirem
570 2076 686 2128 Alcibia-
712 2073 820 2138 warde,
844 2073 907 2125 daea
927 2074 1162 2144 Privatpersonen
1183 2072 1245 2126 dar·

153 2143 209 2194 dom
222 2140 293 2207 „aul
301 2140 355 2193 deu
368 2141 425 2194 Alc.
440 2147 568 2210 passen“.
712 2141 837 2211 gleichen
850 2144 1077 2199 vcranstalteten.
1100 2142 1169 2195 Hier
1181 2159 1243 2212 erg·

188 2213 283 2279 maior,
297 2227 319 2264 a.
334 2227 367 2264 zu
382 2229 496 2278 macnus
508 2215 584 2267 homo
602 2215 684 2268 Paua.
712 2212 822 2265 wdhnta
833 2230 894 2266 rnen
906 2220 987 2267 unter
997 2214 1057 2267 dem
1069 2213 1244 2267 Dectnsnaet

156 2284 185 2347 1,
201 2282 226 2332 1.
245 2298 373 2348 -quom
387 2284 529 2352 privatus,
543 2284 685 2351 ughMllt.
711 2282 760 2335 der
776 2281 930 2350 Mysterien
946 2284 1008 2337 eine
1022 2283 1243 2351 Versehwdruug

153 2353 214 2417 8,2
232 2367 288 2403 non
306 2352 446 2406 uidebatur
457 2369 538 2422 posse
554 2371 612 2408 esee
626 2355 686 2424 prl-
711 2367 799 2420 gegen
812 2353 865 2404 den
877 2352 965 2406 Staat.
1082 2397 1084 2402 .
1162 2374 1164 2379 ·

153 2429 246 2483 octus.
745 2423 787 2483 td,
802 2421 847 2474 die
860 2421 1128 2489 Mysterlenleieriu
1141 2421 1243 2473 acinam
1345 2436 1348 2441 ·

187 2487 341 2543 eticmbeim
350 2487 576 2557 comparativis.
587 2507 685 2545 zama·
711 2490 814 2543 Haase·
829 2519 864 2530 -
876 2493 1013 2561 pertinere
1030 2490 1132 2558 „atahe
1147 2490 1178 2540 iu
1190 2490 1248 2542 Be*

151 2561 194 2627 qis
207 2560 289 2612 etium
301 2556 395 2608 Thera.
408 2562 438 2625 4,
453 2563 478 2611 5.
711 2559 863 2627 ziehung“.

185 2628 293 2696 forensi
310 2643 381 2690 „vor
394 2627 551 2694 Gericht“;
570 2629 623 2682 den
641 2631 685 2682 r'o'-
747 2631 820 2696 t,1.
847 2630 905 2681 Hoc
919 2628 1043 2691 crimine,
1056 2626 1101 2679 dic
1113 2627 1243 2680 Hermen·

152 2697 271 2750 mischen
285 2695 491 2750 Verhiltnissen
504 2699 637 2762 entlehnt,
650 2699 686 2752 da
710 2697 804 2751 siulen
820 2697 989 2766 umgestsrrzt
1001 2712 1035 2749 zu
1049 2694 1145 2749 haben.
1164 2700 1243 2751 —e'n
1328 2725 1331 2730 ·

64 2828 71 2835 ,
153 2783 188 2819 zu
206 2767 273 2819 Rom
289 2766 340 2818 aul
354 2764 413 2818 dem
430 2767 526 2819 Forum
539 2768 627 2821 Recht
638 2781 686 2838 ge·
711 2769 849 2835 concione,
869 2767 926 2821 also
939 2766 1011 2819 noch
1029 2765 1105 2818 nicht
1119 2764 1243 2820 ffirmlieb
1281 2814 1284 2821 .

153 2838 288 2906 sprochen
303 2835 407 2889 wurde.
426 2862 461 2874 -—
477 2855 541 2892 euos
561 2854 619 2901 „zu
633 2840 686 2892 sei·
710 2854 761 2889 vor
775 2836 901 2904 Gericht,
917 2835 1037 2889 eundern
1048 2852 1110 2889 mou
1123 2837 1198 2888 wari
1214 2854 1243 2891 et

103 2921 106 2929 ’
152 2906 422 2972 nenAnhiiagern“.
480 2907 481 2912 ’
518 2963 520 2967 Α
584 2934 587 2939 -
711 2907 767 2972 iura
780 2907 841 2960 bloa
854 2907 883 2959 in
896 2905 945 2959 der
957 2906 1243 2975 Vollmversammlung

186 2979 212 3029 5.
238 2977 269 3029 io
284 2976 417 3043 publicum
432 2978 543 3046 prodire
559 2977 685 3045 „dffent-
710 2977 769 3031 lauh
781 2993 841 3032 vor.

152 3044 208 3097 lich
222 3044 412 3098 erscheinen“.
743 3049 778 3100 Id
799 3048 909 3100 intuens
932 3044 985 3097 wie
1008 3045 1074 3098 leuco
1097 3047 1242 3115 respiciens

185 3121 379 3185 poneretur:
395 3115 604 3168 existimaretur.
710 3116 822 3185 Miluo,
835 3119 860 3167 4.
945 3129 948 3135 ’
1162 3135 1164 3138 ·

186 3186 263 3238 abaco
282 3185 417 3238 habebant
438 3184 562 3252 „hegten
584 3185 613 3236 in
629 3185 684 3238 Be·
744 3203 831 3256 neque
839 3188 969 3250 iquorem
978 3183 1067 3246 „wohl
1082 3180 1241 3240 hennend“.

152 3254 354 3309 treffaeiner“.
685 3276 687 3282 ι
709 3255 790 3307 Wird
816 3255 860 3306 ein
882 3252 1027 3321 negativer
1048 3252 1158 3319 Begriff
1179 3268 1242 3305 ver-

185 3326 211 3378 o.
241 3325 357 3390 infamia
380 3325 489 3391 cspmqi
513 3340 587 3387 „uon
607 3323 685 3375 iibler
709 3324 801 3391 neint,
814 3341 844 3377 sc
855 3323 943 3375 beben
953 3320 1011 3374 sich
1024 3322 1067 3374 die
1079 3321 1177 3374 beiden
1185 3321 1242 3374 Ne-⁴

150 3387 684 3460 Nechredebetroffenwerdan“‚wdrt-
709 3394 841 3462 gationen
860 3392 936 3444 nicht
956 3391 1015 3443 blas
1038 3390 1102 3457 auf,
1121 3391 1240 3444 sondern

152 3462 228 3514 licut
254 3463 309 3514 Eia
328 3479 413 3520 neuer
428 3462 682 3531 Verdachtrgrund,
708 3461 848 3516 bewirlreu
874 3461 1066 3514 mehrentheila
1091 3461 1152 3513 eine
1183 3478 1242 3514 ver·

151 3531 475 3599 weshalbmanglaubte‚
488 3531 682 3585 dieVeratdm-
708 3533 814 3589 stirhte
837 3531 989 3599 Bejahung.
1011 3560 1044 3570 —
1070 3531 1242 3584 eonsuetudi-

151 3602 261 3670 melung
278 3600 328 3653 der
339 3600 554 3655 Hermenadulen
571 3602 610 3654 ael
628 3619 682 3653 von
708 3622 782 3669 aem,
795 3601 897 3654 welche
908 3601 1089 3670 genciniaci,
1100 3601 1240 3654 sichimam

150 3671 211 3724 Alc.
226 3686 431 3738 ausgagaugen.
709 3689 757 3726 aas
771 3675 796 3737 s.
812 3676 838 3724 4.

185 3742 311 3810 mysteria
328 3756 422 3792 waren
440 3739 562 3807 g'ehcime
579 3743 684 3807 gothes-
743 3742 925 3812 quaestionem
936 3740 1033 3793 hahere
1043 3741 1242 3807 „eineUniera

60 3826 62 3830 ·
151 3810 316 3864 dienstllche
343 3809 614 3874 Zusamrnenkdnfte,
648 3825 682 3862 zu
708 3813 833 3878 suchung
857 3809 1023 3862 anatellen“.
1064 3811 1157 3862 Ueber
1187 3808 1240 3860 den

150 3881 271 3934 welchen
282 3879 398 3933 nurden
411 3878 620 3948 Elngewelhtea
634 3879 684 3931 der
709 3880 878 3949 conjunctis
900 3879 969 3932 nach
986 3881 1142 3949 postulabat
1163 3893 1184 3930 a.
1203 3894 1240 3930 uu

151 3950 257 4004 Zutritt
272 3951 345 4004 offen
363 3949 451 4002 stand.
486 3950 548 4001 Van
562 3950 621 4001 dem
639 3965 684 4001 ur·
708 3952 781 4005 Mite.
797 3954 825 4016 l,
839 3954 856 4002 4
874 3951 953 4019 idque
966 3951 1070 4004 hemaii
1082 3966 1134 4002 aaa
1144 3957 1241 4016 sponte

151 4020 342 4088 sprdnglichen
361 4019 492 4080 Zweche,
508 4019 560 4072 den
576 4018 686 4088 Bagriff
706 4025 832 4089 fecerent
840 4022 1011 4089 postauam.
1280 4016 1287 4042 '

151 4090 200 4143 der
211 4090 336 4165 Gottheit
350 4090 443 4143 reiner
459 4089 515 4142 und
532 4106 586 4142 von
599 4090 684 4143 Aber-
743 4108 823 4161 quom
833 4091 868 4143 iun
877 4090 911 4142 Ι).
924 4091 989 4154 „uls
1001 4084 1096 4150 daaa“,
1108 4085 1240 4140 dochian-
