2850 4604
485 349 546 396 xu.
578 348 749 397 curamus
774 349 849 398 cnr.
867 346 893 396 4.
950 358 956 370 «
1202 338 1243 403 tt

155 526 218 568 cum
240 507 268 566 el
287 506 417 583 licebat,
438 505 588 584 plurimum
608 506 718 566 aberat.
749 505 853 585 Neque
874 523 947 566 vero
968 506 1049 567 solus
1073 506 1124 567 ille
1142 505 1277 571 eborata

158 591 282 651 Athenis
301 591 445 667 libenter,
466 590 518 650 sed
534 608 634 651 omues
650 590 714 650 iere
730 592 876 669 principes
890 591 1028 656 ,iecerunt
1050 592 1142 669 idem,
1167 591 1244 671 quod

157 684 265 736 tantum
281 695 314 736 se
330 675 365 735 ab
381 674 488 734 invidia
505 675 645 753 putabant
662 675 792 751 futuros,
816 684 951 752 quantum
968 694 984 734 a
1001 685 1160 754 conspectu
1179 695 1244 737 suo·

154 779 217 820 rum
231 768 426 820 recesserant.
457 757 558 837 ltaque
574 757 676 819 Conon
695 758 846 838 plurimum
861 757 948 837 Cypri
972 761 1061 836 vixit,
1082 759 1243 839 Iphicrates

155 848 185 904 in
203 844 341 921 Threcia,
365 842 533 904 Timotheus
560 842 676 918 Lesbo,
699 841 809 903 Chares
828 842 932 921 Sigeo;
961 842 1108 904 dissimilis
1130 844 1244 923 quidem

157 928 268 988 Chares
284 928 386 988 horum
401 937 431 988 et
450 929 534 990 lactis
551 937 581 988 et
595 927 736 1005 moribus,
755 927 808 988 sed
823 935 919 988 tamen
934 927 1057 989 Athenis
1073 936 1103 989 et
1119 929 1245 990 honora·

154 1022 200 1072 tus
218 1021 246 1072 et
262 1021 380 1091 potens.

95 1159 97 1164 ,
218 1093 250 1164 4.
267 1095 406 1156 Chabrias
428 1104 524 1155 autem
547 1098 635 1175 periit
656 1095 741 1156 bello
763 1095 864 1156 sociali
888 1096 937 1157 teli
959 1096 1054 1157 modo.
1089 1095 1243 1176 Oppugna·
1256 1111 1294 1153 aar

152 1181 222 1242 baut
236 1180 435 1241 Athenienses
451 1178 559 1241 Chium.
595 1180 665 1240 Erat
686 1183 715 1240 iu
738 1180 834 1240 classe
854 1178 992 1242 Chabrias
1015 1183 1161 1260 privatus,
1190 1177 1244 1257 sed

156 1283 270 1338 omues,
287 1266 382 1342 quiin
399 1267 568 1341 magistratu
585 1273 678 1341 eraut,
701 1266 875 1325 auctoritate
892 1265 1032 1342 anteibat,
1048 1283 1170 1344 eumque
1186 1283 1243 1328 ma·

156 1351 202 1426 gis
218 1349 326 1408 milites
343 1365 426 1425 quam
442 1351 490 1426 qui
505 1357 661 1428 praeerant
676 1349 864 1427 aspiciebant.
897 1347 979 1421 Quae
991 1368 1039 1410 res
1053 1352 1081 1410 ei
1091 1351 1244 1410 maturavit
1260 1354 1278 1404 2

152 1441 284 1492 mortem.
317 1431 389 1493 Nam
411 1433 475 1492 dum
497 1435 604 1512 primus
626 1433 724 1494 studet
747 1442 861 1511 portum
880 1436 1000 1510 intrare,
1017 1435 1244 1512 gubernatorem

154 1517 237 1577 iubet
254 1535 291 1577 eo
308 1516 436 1594 dirigere
451 1536 564 1596 navem,
581 1521 646 1597 ipse
663 1518 718 1578 sibi
734 1519 876 1596 perniciei
888 1519 949 1579 init.
973 1517 1043 1579 Cum
1056 1521 1131 1580 enim
1143 1536 1180 1578 eo
1193 1538 1244 1597 pe-

153 1609 312 1678 netrasset,
326 1610 443 1661 ceterae
456 1619 513 1662 uon
527 1612 594 1662 sunt
605 1611 732 1682 secutae.
754 1599 819 1674 Quo
827 1603 904 1663 lacto
917 1604 1105 1664 circumfusus
1117 1603 1244 1663 hostium

154 1703 298 1745 concursu
318 1704 380 1745 oum
397 1686 557 1746 fortissime
571 1695 729 1766 pugnaret,
758 1689 840 1746 navis
862 1696 961 1747 rostro
981 1705 1122 1766 percussa
1142 1689 1243 1766 coepit

153 1770 260 1830 sidere.
290 1769 364 1831 Hinc
379 1770 519 1848 refugere
534 1791 597 1831 cum
613 1781 728 1849 posset,
744 1773 768 1832 si
789 1790 821 1830 se
836 1773 865 1830 in
882 1790 960 1831 mare
977 1771 1146 1848 deiecisset,
1165 1771 1243 1850 quod
1261 1775 1277 1826 3

154 1855 274 1914 suberat
289 1855 392 1914 classis
409 1855 641 1932 Atheniensium,
658 1874 733 1934 quae
746 1857 899 1933 exciperet
914 1857 1054 1923 natantis;
1073 1858 1172 1933 perire
1186 1874 1244 1916 ma·

152 1938 205 1996 luit
221 1956 305 2016 quam
326 1941 412 1997 armis
434 1940 556 1999 abiectis
578 1959 680 2000 navem
702 1940 889 2017 relinquere,
910 1941 940 1999 in
953 1940 1115 2019 quafuerat
1129 1949 1241 2001 vectus.

152 2022 185 2081 ld
203 2024 296 2082 ceteri
320 2023 418 2082 iacere
435 2024 606 2101 noluerunt,
627 2026 676 2102 qui
695 2023 789 2084 nando
808 2025 838 2083 in
859 2033 949 2085 tutum
965 2033 1172 2103 pervenerunt.
1201 2025 1243 2084 At

153 2105 205 2165 ille
221 2114 372 2183 praestare
394 2107 545 2167 honestam
560 2117 683 2168 mortem
699 2110 866 2169 existimans
886 2111 962 2188 turpi
978 2111 1067 2187 vitae,
1085 2110 1242 2170 comminus
1270 2171 1276 2182 ,

153 2208 286 2268 pugnans
301 2191 369 2250 telis
385 2190 511 2252 hostium
527 2193 698 2252 interfectus
718 2200 774 2252 est.
929 2204 932 2209 ’

151 2563 261 2614 videant
290 2559 388 2625 Thrae.
416 2563 446 2624 4,
470 2564 495 2611 2.
518 2591 553 2600 -
577 2564 685 2631 intuor,
711 2560 887 2625 conveniunt,
907 2561 983 2613 cuius
1001 2560 1074 2613 Dion
1091 2564 1122 2623 8,
1141 2566 1167 2615 4.
1186 2563 1244 2614 Der

152 2631 237 2682 iiltere
256 2629 335 2680 Form
353 2634 387 2683 at.
401 2630 518 2684 intueor.
710 2629 881 2681 Relativsetz
908 2629 978 2681 liisst
1002 2630 1060 2681 sich
1086 2631 1172 2683 durch
1196 2633 1241 2684 ein

187 2718 259 2765 eum,
279 2716 303 2750 s.
322 2714 355 2749 zu
370 2698 429 2752 Alc.
445 2701 474 2762 l,
492 2701 518 2752 3.
709 2699 874 2751 Substantiv
884 2698 1082 2767 wiedergebeu,
1095 2701 1149 2752 wie
1159 2701 1242 2762 Pous,

187 2775 212 2820 4.
228 2769 367 2837 principes
385 2769 437 2820 wie
452 2767 550 2819 Theru-
568 2768 596 2829 8,
610 2767 639 2836 3,
709 2771 735 2831 3,
760 2772 776 2820 2
797 2769 845 2836 qui
867 2769 991 2821 aderant.
1013 2799 1050 2810 -
1073 2772 1241 2839 aspiciebant

186 2837 455 2903 tontum‚,soweit“;
472 2839 506 2888 ob
517 2838 620 2889 inuidia
636 2838 684 2901 su·
709 2837 856 2907 „achteten
875 2839 926 2890 aui
941 2838 1019 2894 ihn“.

153 2916 230 2960 turos
251 2908 277 2956 d.
295 2907 313 2956 i.
333 2905 487 2975 obfuturos,
504 2906 561 2974 vgl.
574 2906 645 2960 Milt.
657 2910 683 2970 4,
744 2911 770 2959 2.
795 2908 1002 2972 pudernotorem
1028 2909 1101 2961 iubet
1124 2907 1163 2960 ist
1183 2908 1242 2960 dem

152 2983 168 3028 2
186 2985 227 3028 est
248 2976 283 3026 ab
305 2979 412 3046 oppido.
436 3005 471 3014 -
489 2984 621 3045 quantam
641 2992 684 3027 re·
710 2976 832 3042 Vorigeu
850 2977 1039 3042 beigeorduet.
1078 2976 1171 3030 Ueber
1192 2977 1242 3030 das

151 3053 296 3108 cesserant,
316 3063 338 3096 a.
351 3062 384 3098 zu
402 3063 470 3113 puae
487 3064 576 3100 secum
592 3053 684 3097 trans-
709 3044 870 3112 Asyndeton
887 3063 909 3096 s.
928 3062 963 3097 au
983 3047 1052 3099 Con.
1071 3051 1102 3114 4,
1120 3051 1145 3099 4.

148 3122 276 3183 portarat
307 3113 379 3166 Mile.
403 3117 434 3179 3,
459 3120 485 3168 4.
516 3145 549 3153 -
572 3131 684 3166 suorum
744 3117 804 3180 Quo
831 3117 906 3180 facto
935 3124 984 3168 cet.
1032 3115 1085 3167 Mit
1113 3115 1241 3169 welchem

153 3185 245 3250 „ihrer
262 3182 445 3249 Mitbiirger“.
708 3184 807 3236 Worte
823 3183 861 3235 ist
879 3183 913 3235 im
932 3184 966 3236 D.
979 3199 1014 3235 zu
1032 3184 1192 3252 beginnen‘d
1216 3203 1240 3243 s.

187 3254 271 3305 Lesbo
292 3269 328 3291 -·
345 3256 435 3320 Sipeo,
458 3253 503 3304 die
523 3252 635 3318 Prdpos.
653 3253 683 3303 t'n
709 3268 743 3304 zu
758 3252 831 3306 Mitt.
851 3256 880 3314 l,
898 3259 924 3305 4.

150 3323 188 3373 iet
207 3322 283 3372 nicht
299 3322 472 3388 wiederholt‚
487 3339 508 3373 s.
523 3338 558 3373 zu
572 3324 683 3374 Socrate
743 3330 831 3375 rostro
849 3339 925 3386 „von
944 3322 1031 3375 einern
1052 3322 1241 3377 Schiffschne-

151 3391 210 3442 Alc.
232 3395 263 3454 2,
281 3394 307 3442 2.
659 3430 662 3435 -
708 3393 782 3444 bel“.

187 3461 304 3524 Chares,
325 3460 400 3509 mehr
416 3476 470 3510 von
484 3459 584 3511 diesem
601 3476 623 3510 s.
635 3458 685 3510 Ti·
743 3463 769 3515 3.
789 3478 848 3512 cum
865 3459 917 3512 wie
937 3459 1142 3515 inconstantis
1161 3464 1239 3516 rebus

48 3526 50 3528 ’
151 3529 231 3579 moth.
256 3531 281 3583 3.
304 3554 339 3564 -
359 3529 455 3580 horum
478 3528 611 3581 verbinde
634 3528 682 3580 mit
705 3531 872 3598 praefuisset
889 3528 934 3580 Ar.
956 3530 986 3595 3,
1006 3532 1031 3583 3.
1093 3581 1106 3598 k

151 3599 295 3650 dissimilis.
310 3624 344 3634 -
359 3599 476 3651 moribus
488 3598 540 3650 wie
554 3597 597 3649 Di.
613 3600 643 3664 l,
655 3600 680 3651 3.
739 3600 849 3652 suberat
868 3599 894 3652 d.
915 3599 933 3654 i.
953 3599 981 3651 in
998 3599 1152 3669 propinquo
1171 3608 1238 3658 erat.

187 3669 214 3729 h,
233 3670 256 3721 1.
271 3667 446 3732 delloeooioh‘,
460 3684 483 3718 s.
496 3683 529 3718 zu
541 3666 601 3733 Iph.
615 3667 641 3731 3,
654 3666 679 3718 3.
706 3696 741 3705 -
757 3685 828 3736 quoe
844 3670 976 3736 exciperet
995 3684 1056 3735 „um
1078 3673 1142 3736 zw‘,
1163 3686 1185 3723 a.
1204 3687 1238 3722 zu

184 3738 310 3805 privatus
335 3734 394 3787 hier
425 3735 518 3802 „ohne
543 3737 604 3788 eine
628 3736 680 3788 Be·
706 3740 753 3806 poi
771 3739 943 3805 explorarent
960 3736 1052 3792 Them.
1071 3744 1096 3805 7,
1109 3743 1134 3790 2.
1250 3748 1255 3752 “

151 3805 414 3870 fehlshaberstelle“,
434 3806 490 3873 vgl.
513 3805 585 3858 Mitt·
605 3807 635 3871 8,
654 3810 679 3859 ’2.
741 3808 823 3859 armis
840 3808 949 3860 abiectis
966 3807 1024 3861 ldse
1042 3807 1126 3860 durch
1143 3807 1238 3872 ,‚uud“

151 3876 218 3926 Was
237 3875 322 3926 heisst
340 3891 396 3926 nun
414 3873 473 3926 hier
485 3875 681 3940 mopietrotus‘d
707 3878 762 3932 auf.
793 3876 849 3927 Das
867 3877 1042 3946 Wegwersen
1059 3878 1107 3930 der
1127 3877 1236 3930 Weffen

185 3963 265 4012 quom
284 3943 364 4012 (eos),
380 3946 427 4013 qui
437 3952 594 4012 praeerant,
611 3959 633 3996 a.
647 3960 681 3997 zu
705 3946 765 4013 golt
780 3945 825 3997 hir
843 3945 1019 4014 schimpflich.
