<?xml version="1.0" encoding="UTF-8"?>
<!DOCTYPE html PUBLIC "-//W3C//DTD XHTML 1.0 Transitional//EN"
    "http://www.w3.org/TR/xhtml1/DTD/xhtml1-transitional.dtd">
<html xmlns="http://www.w3.org/1999/xhtml" xml:lang="en" lang="en">
 <head>
  <title>
</title>
<meta http-equiv="Content-Type" content="text/html;charset=utf-8" />
  <meta name='ocr-system' content='tesseract 3.04.00' />
  <meta name='ocr-capabilities' content='ocr_page ocr_carea ocr_par ocr_line ocrx_word'/>
</head>
<body>
  <div class='ocr_page' id='page_1' title='image "./corneliusneposf00siebgoog_0125.png"; bbox 0 0 2850 4604; ppageno 0'>
   <div class='ocr_carea' id='block_1_1' title="bbox 95 2961 282 3021">
    <p class='ocr_par' dir='ltr' id='par_1_1' title="bbox 95 2961 282 3021">
     <span class='ocr_line' id='line_1_1' title="bbox 95 2961 282 3021; baseline -0.016 -7"><span class='ocrx_word' id='word_1_1' title='bbox 95 3017 97 3021; x_wconf 75' lang='grc'>,</span> <span class='ocrx_word' id='word_1_2' title='bbox 177 2961 282 3014; x_wconf 66' lang='lat' dir='ltr'><strong>miset.</strong></span> 
     </span>
    </p>
   </div>
   <div class='ocr_carea' id='block_1_2' title="bbox 385 300 1276 382">
    <p class='ocr_par' dir='ltr' id='par_1_2' title="bbox 385 300 1276 382">
     <span class='ocr_line' id='line_1_2' title="bbox 385 300 1276 382; baseline 0.004 -8"><span class='ocrx_word' id='word_1_3' title='bbox 385 373 389 382; x_wconf 81' lang='grc'>,</span> <span class='ocrx_word' id='word_1_4' title='bbox 493 300 589 376; x_wconf 79' lang='lat' dir='ltr'><strong>nvn.</strong></span> <span class='ocrx_word' id='word_1_5' title='bbox 622 326 815 377; x_wconf 80' lang='lat' dir='ltr'><strong>nonsrnnus</strong></span> <span class='ocrx_word' id='word_1_6' title='bbox 837 325 912 376; x_wconf 81' lang='lat' dir='ltr'><strong>cnr.</strong></span> <span class='ocrx_word' id='word_1_7' title='bbox 935 321 963 376; x_wconf 84' lang='lat' dir='ltr'><strong>e.</strong></span> <span class='ocrx_word' id='word_1_8' title='bbox 1216 313 1276 379; x_wconf 81' lang='lat'><strong>103</strong></span> 
     </span>
    </p>
   </div>
   <div class='ocr_carea' id='block_1_3' title="bbox 147 483 1308 1667">
    <p class='ocr_par' dir='ltr' id='par_1_3' title="bbox 147 483 1276 635">
     <span class='ocr_line' id='line_1_3' title="bbox 187 483 1276 567; baseline -0.003 -19"><span class='ocrx_word' id='word_1_9' title='bbox 187 488 285 548; x_wconf 88' lang='lat' dir='ltr'><strong>eiores</strong></span> <span class='ocrx_word' id='word_1_10' title='bbox 294 529 304 563; x_wconf 91' lang='lat'><strong>,</strong></span> <span class='ocrx_word' id='word_1_11' title='bbox 327 485 405 567; x_wconf 81' lang='lat' dir='ltr'><strong>quod</strong></span> <span class='ocrx_word' id='word_1_12' title='bbox 425 487 463 548; x_wconf 88' lang='lat' dir='ltr'><strong>iis</strong></span> <span class='ocrx_word' id='word_1_13' title='bbox 478 486 597 549; x_wconf 80' lang='lat' dir='ltr'><strong>studere</strong></span> <span class='ocrx_word' id='word_1_14' title='bbox 615 494 827 565; x_wconf 77' lang='lat' dir='ltr'><strong>consuessent,</strong></span> <span class='ocrx_word' id='word_1_15' title='bbox 849 505 922 566; x_wconf 86' lang='lat' dir='ltr'><strong>quos</strong></span> <span class='ocrx_word' id='word_1_16' title='bbox 938 502 1117 549; x_wconf 81' lang='lat' dir='ltr'><strong>eomeruure</strong></span> <span class='ocrx_word' id='word_1_17' title='bbox 1131 483 1218 546; x_wconf 83' lang='lat' dir='ltr'><strong>fldem</strong></span> <span class='ocrx_word' id='word_1_18' title='bbox 1234 483 1276 545; x_wconf 89' lang='lat' dir='ltr'><strong>vi·</strong></span> 
     </span>
     <span class='ocr_line' id='line_1_4' title="bbox 147 572 940 635; baseline -0.003 -2"><span class='ocrx_word' id='word_1_19' title='bbox 147 588 156 619; x_wconf 69' lang='lat' dir='ltr'><strong>t</strong></span> <span class='ocrx_word' id='word_1_20' title='bbox 186 572 297 635; x_wconf 89' lang='lat' dir='ltr'><strong>derent.</strong></span> <span class='ocrx_word' id='word_1_21' title='bbox 932 603 940 608; x_wconf 91' lang='lat'>-</span> 
     </span>
    </p>

    <p class='ocr_par' dir='ltr' id='par_1_4' title="bbox 183 655 1308 1667">
     <span class='ocr_line' id='line_1_5' title="bbox 251 655 1275 742; baseline -0.001 -22"><span class='ocrx_word' id='word_1_22' title='bbox 251 658 280 720; x_wconf 84' lang='lat'><strong>3.</strong></span> <span class='ocrx_word' id='word_1_23' title='bbox 295 656 452 737; x_wconf 65' lang='lat' dir='ltr'><strong>Postquam</strong></span> <span class='ocrx_word' id='word_1_24' title='bbox 465 657 636 719; x_wconf 72' lang='lat' dir='ltr'><strong>indutiarum</strong></span> <span class='ocrx_word' id='word_1_25' title='bbox 642 656 891 742; x_wconf 29' lang='lat' dir='ltr'><strong>praeteriit-dies,</strong></span> <span class='ocrx_word' id='word_1_26' title='bbox 907 656 1048 719; x_wconf 87' lang='lat' dir='ltr'><strong>barbarus</strong></span> <span class='ocrx_word' id='word_1_27' title='bbox 1060 674 1118 717; x_wconf 94' lang='lat' dir='ltr'><strong>non</strong></span> <span class='ocrx_word' id='word_1_28' title='bbox 1130 655 1275 732; x_wconf 83' lang='lat' dir='ltr'><strong>dubitans,</strong></span> 
     </span>
     <span class='ocr_line' id='line_1_6' title="bbox 187 739 1273 823; baseline 0 -21"><span class='ocrx_word' id='word_1_29' title='bbox 187 742 265 822; x_wconf 87' lang='lat' dir='ltr'><strong>quod</strong></span> <span class='ocrx_word' id='word_1_30' title='bbox 281 743 373 823; x_wconf 92' lang='lat' dir='ltr'><strong>ipsius</strong></span> <span class='ocrx_word' id='word_1_31' title='bbox 390 752 472 804; x_wconf 88' lang='lat' dir='ltr'><strong>erant</strong></span> <span class='ocrx_word' id='word_1_32' title='bbox 486 742 608 822; x_wconf 90' lang='lat' dir='ltr'><strong>plurima</strong></span> <span class='ocrx_word' id='word_1_33' title='bbox 629 741 775 805; x_wconf 80' lang='lat' dir='ltr'><strong>domicilia</strong></span> <span class='ocrx_word' id='word_1_34' title='bbox 788 743 818 802; x_wconf 93' lang='lat' dir='ltr'><strong>in</strong></span> <span class='ocrx_word' id='word_1_35' title='bbox 833 739 918 811; x_wconf 84' lang='lat' dir='ltr'><strong>Garis</strong></span> <span class='ocrx_word' id='word_1_36' title='bbox 938 751 968 804; x_wconf 94' lang='lat' dir='ltr'><strong>et</strong></span> <span class='ocrx_word' id='word_1_37' title='bbox 984 761 1020 803; x_wconf 86' lang='lat' dir='ltr'><strong>ea</strong></span> <span class='ocrx_word' id='word_1_38' title='bbox 1039 743 1125 820; x_wconf 79' lang='lat' dir='ltr'><strong>regio</strong></span> <span class='ocrx_word' id='word_1_39' title='bbox 1140 740 1185 803; x_wconf 89' lang='lat' dir='ltr'><strong>his</strong></span> <span class='ocrx_word' id='word_1_40' title='bbox 1203 749 1273 802; x_wconf 89' lang='lat' dir='ltr'><strong>tem·</strong></span> 
     </span>
     <span class='ocr_line' id='line_1_7' title="bbox 186 826 1273 907; baseline -0.002 -20"><span class='ocrx_word' id='word_1_41' title='bbox 186 827 307 906; x_wconf 90' lang='lat' dir='ltr'><strong>poribus</strong></span> <span class='ocrx_word' id='word_1_42' title='bbox 322 827 412 903; x_wconf 80' lang='lat' dir='ltr'><strong>inulto</strong></span> <span class='ocrx_word' id='word_1_43' title='bbox 430 828 584 907; x_wconf 88' lang='lat' dir='ltr'><strong>putabatur</strong></span> <span class='ocrx_word' id='word_1_44' title='bbox 599 827 847 907; x_wconf 78' lang='lat' dir='ltr'><strong>locupletissima,</strong></span> <span class='ocrx_word' id='word_1_45' title='bbox 862 845 901 888; x_wconf 92' lang='lat' dir='ltr'><strong>eo</strong></span> <span class='ocrx_word' id='word_1_46' title='bbox 917 828 1099 906; x_wconf 71' lang='lat' dir='ltr'><strong>potiminrnm</strong></span> <span class='ocrx_word' id='word_1_47' title='bbox 1113 826 1208 888; x_wconf 90' lang='lat' dir='ltr'><strong>hostis</strong></span> <span class='ocrx_word' id='word_1_48' title='bbox 1223 826 1273 885; x_wconf 89' lang='lat' dir='ltr'><strong>im·</strong></span> 
     </span>
     <span class='ocr_line' id='line_1_8' title="bbox 187 910 1308 992; baseline 0.001 -19"><span class='ocrx_word' id='word_1_49' title='bbox 187 920 286 992; x_wconf 87' lang='lat' dir='ltr'><strong>petum</strong></span> <span class='ocrx_word' id='word_1_50' title='bbox 300 913 441 991; x_wconf 87' lang='lat' dir='ltr'><strong>iaotnros,</strong></span> <span class='ocrx_word' id='word_1_51' title='bbox 463 915 555 974; x_wconf 89' lang='lat' dir='ltr'><strong>omnis</strong></span> <span class='ocrx_word' id='word_1_52' title='bbox 570 931 637 974; x_wconf 90' lang='lat' dir='ltr'><strong>suas</strong></span> <span class='ocrx_word' id='word_1_53' title='bbox 656 915 757 992; x_wconf 87' lang='lat' dir='ltr'><strong>eopias</strong></span> <span class='ocrx_word' id='word_1_54' title='bbox 780 930 817 974; x_wconf 95' lang='lat' dir='ltr'><strong>eo</strong></span> <span class='ocrx_word' id='word_1_55' title='bbox 835 920 1030 974; x_wconf 74' lang='lat' dir='ltr'><strong>contraxerat.</strong></span> <span class='ocrx_word' id='word_1_56' title='bbox 1062 910 1103 971; x_wconf 90' lang='lat' dir='ltr'><strong>llt</strong></span> <span class='ocrx_word' id='word_1_57' title='bbox 1115 911 1273 990; x_wconf 80' lang='lat' dir='ltr'><strong>Agesilaus</strong></span> <span class='ocrx_word' id='word_1_58' title='bbox 1291 924 1308 974; x_wconf 83' lang='lat'>2</span> 
     </span>
     <span class='ocr_line' id='line_1_9' title="bbox 185 996 1274 1077; baseline -0.001 -21"><span class='ocrx_word' id='word_1_59' title='bbox 185 999 216 1056; x_wconf 91' lang='lat' dir='ltr'><strong>iu</strong></span> <span class='ocrx_word' id='word_1_60' title='bbox 236 996 391 1075; x_wconf 76' lang='lat' dir='ltr'><strong>Phrygiam</strong></span> <span class='ocrx_word' id='word_1_61' title='bbox 411 1017 445 1059; x_wconf 90' lang='lat' dir='ltr'><strong>se</strong></span> <span class='ocrx_word' id='word_1_62' title='bbox 469 999 616 1059; x_wconf 81' lang='lat' dir='ltr'><strong>convertit</strong></span> <span class='ocrx_word' id='word_1_63' title='bbox 637 1015 758 1077; x_wconf 86' lang='lat' dir='ltr'><strong>eumque</strong></span> <span class='ocrx_word' id='word_1_64' title='bbox 788 998 869 1076; x_wconf 91' lang='lat' dir='ltr'><strong>prius</strong></span> <span class='ocrx_word' id='word_1_65' title='bbox 891 996 1084 1076; x_wconf 87' lang='lat' dir='ltr'><strong>depopulatus</strong></span> <span class='ocrx_word' id='word_1_66' title='bbox 1105 1003 1168 1073; x_wconf 88' lang='lat' dir='ltr'><strong>est,</strong></span> <span class='ocrx_word' id='word_1_67' title='bbox 1189 1013 1274 1074; x_wconf 83' lang='lat' dir='ltr'><strong>quam</strong></span> 
     </span>
     <span class='ocr_line' id='line_1_10' title="bbox 186 1079 1274 1160; baseline -0.001 -19"><span class='ocrx_word' id='word_1_68' title='bbox 186 1080 399 1160; x_wconf 77' lang='lat' dir='ltr'><strong>Tissaphernes</strong></span> <span class='ocrx_word' id='word_1_69' title='bbox 415 1091 535 1160; x_wconf 83' lang='lat' dir='ltr'><strong>nsquam</strong></span> <span class='ocrx_word' id='word_1_70' title='bbox 557 1089 752 1143; x_wconf 84' lang='lat' dir='ltr'><strong>semoveret.</strong></span> <span class='ocrx_word' id='word_1_71' title='bbox 785 1079 889 1159; x_wconf 81' lang='lat' dir='ltr'><strong>hlagna</strong></span> <span class='ocrx_word' id='word_1_72' title='bbox 908 1081 1016 1159; x_wconf 91' lang='lat' dir='ltr'><strong>prueda</strong></span> <span class='ocrx_word' id='word_1_73' title='bbox 1036 1080 1174 1141; x_wconf 82' lang='lat' dir='ltr'><strong>militibus</strong></span> <span class='ocrx_word' id='word_1_74' title='bbox 1195 1079 1274 1140; x_wconf 87' lang='lat' dir='ltr'><strong>loeu-</strong></span> 
     </span>
     <span class='ocr_line' id='line_1_11' title="bbox 186 1164 1273 1245; baseline -0.002 -19"><span class='ocrx_word' id='word_1_75' title='bbox 186 1165 317 1245; x_wconf 87' lang='lat' dir='ltr'><strong>pletatis‚</strong></span> <span class='ocrx_word' id='word_1_76' title='bbox 335 1165 482 1245; x_wconf 82' lang='lat' dir='ltr'><strong>prdsnm</strong></span> <span class='ocrx_word' id='word_1_77' title='bbox 495 1166 649 1228; x_wconf 89' lang='lat' dir='ltr'><strong>hiematum</strong></span> <span class='ocrx_word' id='word_1_78' title='bbox 665 1167 827 1228; x_wconf 82' lang='lat' dir='ltr'><strong>exereitum</strong></span> <span class='ocrx_word' id='word_1_79' title='bbox 842 1165 957 1226; x_wconf 84' lang='lat' dir='ltr'><strong>reduxit</strong></span> <span class='ocrx_word' id='word_1_80' title='bbox 978 1173 1065 1245; x_wconf 87' lang='lat' dir='ltr'><strong>atque</strong></span> <span class='ocrx_word' id='word_1_81' title='bbox 1086 1164 1127 1226; x_wconf 91' lang='lat' dir='ltr'><strong>ibi</strong></span> <span class='ocrx_word' id='word_1_82' title='bbox 1148 1164 1273 1225; x_wconf 85' lang='lat' dir='ltr'><strong>oilioiuis</strong></span> 
     </span>
     <span class='ocr_line' id='line_1_12' title="bbox 185 1248 1273 1330; baseline -0.001 -20"><span class='ocrx_word' id='word_1_83' title='bbox 185 1267 330 1311; x_wconf 88' lang='lat' dir='ltr'><strong>armorum</strong></span> <span class='ocrx_word' id='word_1_84' title='bbox 344 1251 485 1311; x_wconf 88' lang='lat' dir='ltr'><strong>institutis</strong></span> <span class='ocrx_word' id='word_1_85' title='bbox 500 1269 603 1330; x_wconf 80' lang='lat' dir='ltr'><strong>magna</strong></span> <span class='ocrx_word' id='word_1_86' title='bbox 618 1251 758 1314; x_wconf 88' lang='lat' dir='ltr'><strong>industria</strong></span> <span class='ocrx_word' id='word_1_87' title='bbox 775 1250 883 1312; x_wconf 90' lang='lat' dir='ltr'><strong>bellum</strong></span> <span class='ocrx_word' id='word_1_88' title='bbox 897 1252 1055 1330; x_wconf 73' lang='lat' dir='ltr'><strong>apparavit.</strong></span> <span class='ocrx_word' id='word_1_89' title='bbox 1084 1248 1122 1310; x_wconf 85' lang='lat' dir='ltr'><strong>Et</strong></span> <span class='ocrx_word' id='word_1_90' title='bbox 1140 1266 1198 1329; x_wconf 86' lang='lat' dir='ltr'><strong>quo</strong></span> <span class='ocrx_word' id='word_1_91' title='bbox 1214 1255 1273 1309; x_wconf 90' lang='lat' dir='ltr'><strong>stu·</strong></span> 
     </span>
     <span class='ocr_line' id='line_1_13' title="bbox 185 1333 1272 1416; baseline -0.002 -21"><span class='ocrx_word' id='word_1_92' title='bbox 185 1335 296 1395; x_wconf 89' lang='lat' dir='ltr'><strong>diosius</strong></span> <span class='ocrx_word' id='word_1_93' title='bbox 320 1344 500 1412; x_wconf 87' lang='lat' dir='ltr'><strong>armarentur</strong></span> <span class='ocrx_word' id='word_1_94' title='bbox 521 1338 935 1416; x_wconf 78' lang='lat' dir='ltr'><strong>insigniusqueornarentur,</strong></span> <span class='ocrx_word' id='word_1_95' title='bbox 958 1336 1086 1414; x_wconf 87' lang='lat' dir='ltr'><strong>praemia</strong></span> <span class='ocrx_word' id='word_1_96' title='bbox 1099 1333 1272 1413; x_wconf 79' lang='lat' dir='ltr'><strong>proposuit,</strong></span> 
     </span>
     <span class='ocr_line' id='line_1_14' title="bbox 184 1417 1305 1500; baseline -0.003 -21"><span class='ocrx_word' id='word_1_97' title='bbox 184 1418 289 1496; x_wconf 82' lang='lat' dir='ltr'><strong>quibus</strong></span> <span class='ocrx_word' id='word_1_98' title='bbox 304 1417 494 1498; x_wconf 75' lang='lat' dir='ltr'><strong>donarentur,</strong></span> <span class='ocrx_word' id='word_1_99' title='bbox 509 1439 632 1500; x_wconf 83' lang='lat' dir='ltr'><strong>quornm</strong></span> <span class='ocrx_word' id='word_1_100' title='bbox 645 1422 768 1500; x_wconf 78' lang='lat' dir='ltr'><strong>egregia</strong></span> <span class='ocrx_word' id='word_1_101' title='bbox 782 1422 812 1481; x_wconf 94' lang='lat' dir='ltr'><strong>in</strong></span> <span class='ocrx_word' id='word_1_102' title='bbox 829 1438 864 1481; x_wconf 90' lang='lat' dir='ltr'><strong>ea</strong></span> <span class='ocrx_word' id='word_1_103' title='bbox 875 1437 909 1480; x_wconf 89' lang='lat' dir='ltr'><strong>re</strong></span> <span class='ocrx_word' id='word_1_104' title='bbox 923 1420 1028 1482; x_wconf 86' lang='lat' dir='ltr'><strong>luisset</strong></span> <span class='ocrx_word' id='word_1_105' title='bbox 1039 1419 1186 1480; x_wconf 90' lang='lat' dir='ltr'><strong>industria.</strong></span> <span class='ocrx_word' id='word_1_106' title='bbox 1216 1417 1272 1479; x_wconf 76' lang='lat' dir='ltr'><strong>lle·</strong></span> <span class='ocrx_word' id='word_1_107' title='bbox 1289 1425 1305 1476; x_wconf 82' lang='grc'>3</span> 
     </span>
     <span class='ocr_line' id='line_1_15' title="bbox 183 1502 1272 1586; baseline -0.001 -23"><span class='ocrx_word' id='word_1_108' title='bbox 183 1504 223 1564; x_wconf 91' lang='lat' dir='ltr'><strong>eit</strong></span> <span class='ocrx_word' id='word_1_109' title='bbox 244 1502 321 1564; x_wconf 91' lang='lat' dir='ltr'><strong>idem</strong></span> <span class='ocrx_word' id='word_1_110' title='bbox 338 1505 368 1565; x_wconf 92' lang='lat' dir='ltr'><strong>iu</strong></span> <span class='ocrx_word' id='word_1_111' title='bbox 387 1506 629 1568; x_wconf 78' lang='lat' dir='ltr'><strong>exercitationum</strong></span> <span class='ocrx_word' id='word_1_112' title='bbox 647 1506 826 1586; x_wconf 73' lang='lat' dir='ltr'><strong>generibus,</strong></span> <span class='ocrx_word' id='word_1_113' title='bbox 843 1512 896 1583; x_wconf 87' lang='lat' dir='ltr'><strong>ut,</strong></span> <span class='ocrx_word' id='word_1_114' title='bbox 919 1506 968 1583; x_wconf 87' lang='lat' dir='ltr'><strong>qui</strong></span> <span class='ocrx_word' id='word_1_115' title='bbox 983 1505 1093 1567; x_wconf 85' lang='lat' dir='ltr'><strong>ceteris</strong></span> <span class='ocrx_word' id='word_1_116' title='bbox 1109 1502 1272 1583; x_wconf 84' lang='lat' dir='ltr'><strong>praestitis·</strong></span> 
     </span>
     <span class='ocr_line' id='line_1_16' title="bbox 183 1581 1272 1667; baseline -0.003 -19"><span class='ocrx_word' id='word_1_117' title='bbox 183 1595 260 1665; x_wconf 89' lang='lat' dir='ltr'><strong>sent,</strong></span> <span class='ocrx_word' id='word_1_118' title='bbox 279 1605 332 1649; x_wconf 91' lang='lat' dir='ltr'><strong>eos</strong></span> <span class='ocrx_word' id='word_1_119' title='bbox 346 1590 457 1667; x_wconf 76' lang='lat' dir='ltr'><strong>magnis</strong></span> <span class='ocrx_word' id='word_1_120' title='bbox 472 1581 606 1652; x_wconf 72' lang='lat' dir='ltr'><strong>allideret</strong></span> <span class='ocrx_word' id='word_1_121' title='bbox 624 1590 800 1653; x_wconf 86' lang='lat' dir='ltr'><strong>muneribus.</strong></span> <span class='ocrx_word' id='word_1_122' title='bbox 829 1588 881 1651; x_wconf 88' lang='lat' dir='ltr'><strong>His</strong></span> <span class='ocrx_word' id='word_1_123' title='bbox 898 1590 987 1667; x_wconf 71' lang='lat' dir='ltr'><strong>igitur</strong></span> <span class='ocrx_word' id='word_1_124' title='bbox 1002 1589 1092 1654; x_wconf 88' lang='lat' dir='ltr'><strong>rebus</strong></span> <span class='ocrx_word' id='word_1_125' title='bbox 1108 1588 1219 1664; x_wconf 85' lang='lat' dir='ltr'><strong>elleeit,</strong></span> <span class='ocrx_word' id='word_1_126' title='bbox 1240 1593 1272 1646; x_wconf 94' lang='lat' dir='ltr'><strong>ut</strong></span> 
     </span>
    </p>
   </div>
   <div class='ocr_carea' id='block_1_4' title="bbox 183 1671 1420 1744">
    <p class='ocr_par' dir='ltr' id='par_1_5' title="bbox 183 1671 1420 1744">
     <span class='ocr_line' id='line_1_17' title="bbox 183 1671 1420 1744; baseline -0.002 -11"><span class='ocrx_word' id='word_1_127' title='bbox 183 1680 214 1733; x_wconf 89' lang='lat' dir='ltr'><strong>et</strong></span> <span class='ocrx_word' id='word_1_128' title='bbox 229 1674 442 1734; x_wconf 83' lang='lat' dir='ltr'><strong>ornatissimum</strong></span> <span class='ocrx_word' id='word_1_129' title='bbox 458 1682 488 1736; x_wconf 90' lang='lat' dir='ltr'><strong>et</strong></span> <span class='ocrx_word' id='word_1_130' title='bbox 502 1678 776 1739; x_wconf 77' lang='lat' dir='ltr'><strong>exercitatissimum</strong></span> <span class='ocrx_word' id='word_1_131' title='bbox 789 1673 914 1736; x_wconf 89' lang='lat' dir='ltr'><strong>haberet</strong></span> <span class='ocrx_word' id='word_1_132' title='bbox 929 1675 1098 1735; x_wconf 87' lang='lat' dir='ltr'><strong>exereitum.</strong></span> <span class='ocrx_word' id='word_1_133' title='bbox 1124 1671 1197 1733; x_wconf 88' lang='lat' dir='ltr'><strong>lluio</strong></span> <span class='ocrx_word' id='word_1_134' title='bbox 1208 1688 1271 1730; x_wconf 91' lang='lat' dir='ltr'><strong>eum</strong></span> <span class='ocrx_word' id='word_1_135' title='bbox 1288 1695 1305 1744; x_wconf 83' lang='lat'>4</span> <span class='ocrx_word' id='word_1_136' title='bbox 1417 1680 1420 1684; x_wconf 87' lang='grc'>’</span> 
     </span>
    </p>
   </div>
   <div class='ocr_carea' id='block_1_5' title="bbox 146 1750 1343 2514">
    <p class='ocr_par' dir='ltr' id='par_1_6' title="bbox 146 1750 1343 2514">
     <span class='ocr_line' id='line_1_18' title="bbox 183 1750 1322 1840; baseline -0.004 -23"><span class='ocrx_word' id='word_1_137' title='bbox 183 1765 297 1836; x_wconf 89' lang='lat' dir='ltr'><strong>tempus</strong></span> <span class='ocrx_word' id='word_1_138' title='bbox 306 1750 394 1821; x_wconf 82' lang='lat' dir='ltr'><strong>esset</strong></span> <span class='ocrx_word' id='word_1_139' title='bbox 410 1760 504 1821; x_wconf 88' lang='lat' dir='ltr'><strong>visum</strong></span> <span class='ocrx_word' id='word_1_140' title='bbox 517 1761 622 1840; x_wconf 81' lang='lat' dir='ltr'><strong>eopias</strong></span> <span class='ocrx_word' id='word_1_141' title='bbox 636 1760 795 1824; x_wconf 84' lang='lat' dir='ltr'><strong>extrahere</strong></span> <span class='ocrx_word' id='word_1_142' title='bbox 818 1778 856 1820; x_wconf 83' lang='lat' dir='ltr'><strong>ex</strong></span> <span class='ocrx_word' id='word_1_143' title='bbox 879 1756 1094 1835; x_wconf 75' lang='lat' dir='ltr'><strong>hibernaculis,</strong></span> <span class='ocrx_word' id='word_1_144' title='bbox 1119 1755 1208 1831; x_wconf 87' lang='lat' dir='ltr'><strong>vidit,</strong></span> <span class='ocrx_word' id='word_1_145' title='bbox 1232 1756 1271 1831; x_wconf 87' lang='lat' dir='ltr'><strong>si,</strong></span> <span class='ocrx_word' id='word_1_146' title='bbox 1285 1784 1322 1826; x_wconf 68' lang='lat'><strong>395</strong></span> 
     </span>
     <span class='ocr_line' id='line_1_19' title="bbox 182 1838 1343 1926; baseline 0.001 -24"><span class='ocrx_word' id='word_1_147' title='bbox 182 1859 239 1920; x_wconf 85' lang='lat' dir='ltr'><strong>quo</strong></span> <span class='ocrx_word' id='word_1_148' title='bbox 255 1851 339 1905; x_wconf 88' lang='lat' dir='ltr'><strong>esset</strong></span> <span class='ocrx_word' id='word_1_149' title='bbox 352 1845 411 1905; x_wconf 90' lang='lat' dir='ltr'><strong>iter</strong></span> <span class='ocrx_word' id='word_1_150' title='bbox 421 1844 569 1922; x_wconf 82' lang='lat' dir='ltr'><strong>laeturus,</strong></span> <span class='ocrx_word' id='word_1_151' title='bbox 591 1847 685 1924; x_wconf 87' lang='lat' dir='ltr'><strong>palam</strong></span> <span class='ocrx_word' id='word_1_152' title='bbox 700 1846 938 1924; x_wconf 80' lang='lat' dir='ltr'><strong>pronuntiasset,</strong></span> <span class='ocrx_word' id='word_1_153' title='bbox 952 1842 1046 1926; x_wconf 88' lang='lat' dir='ltr'><strong>bostis</strong></span> <span class='ocrx_word' id='word_1_154' title='bbox 1069 1858 1128 1904; x_wconf 91' lang='lat' dir='ltr'><strong>non</strong></span> <span class='ocrx_word' id='word_1_155' title='bbox 1143 1838 1267 1903; x_wconf 88' lang='lat' dir='ltr'><strong>ereditu-</strong></span> <span class='ocrx_word' id='word_1_156' title='bbox 1340 1851 1343 1855; x_wconf 83' lang='grc'><strong>’</strong></span> 
     </span>
     <span class='ocr_line' id='line_1_20' title="bbox 181 1925 1268 2011; baseline -0.003 -26"><span class='ocrx_word' id='word_1_157' title='bbox 181 1942 232 1986; x_wconf 88' lang='lat' dir='ltr'><strong>ros</strong></span> <span class='ocrx_word' id='word_1_158' title='bbox 248 1927 379 2007; x_wconf 85' lang='lat' dir='ltr'><strong>aliasque</strong></span> <span class='ocrx_word' id='word_1_159' title='bbox 394 1930 535 2006; x_wconf 83' lang='lat' dir='ltr'><strong>regiones</strong></span> <span class='ocrx_word' id='word_1_160' title='bbox 558 1930 714 2009; x_wconf 82' lang='lat' dir='ltr'><strong>praesidiis</strong></span> <span class='ocrx_word' id='word_1_161' title='bbox 735 1936 929 2011; x_wconf 74' lang='lat' dir='ltr'><strong>qeeupaturos</strong></span> <span class='ocrx_word' id='word_1_162' title='bbox 947 1945 1054 2006; x_wconf 85' lang='lat' dir='ltr'><strong>neque</strong></span> <span class='ocrx_word' id='word_1_163' title='bbox 1075 1925 1268 2000; x_wconf 85' lang='lat' dir='ltr'><strong>dubitaturos,</strong></span> 
     </span>
     <span class='ocr_line' id='line_1_21' title="bbox 182 2007 1304 2093; baseline 0.002 -23"><span class='ocrx_word' id='word_1_164' title='bbox 182 2009 259 2071; x_wconf 89' lang='lat' dir='ltr'><strong>aliud</strong></span> <span class='ocrx_word' id='word_1_165' title='bbox 274 2030 343 2072; x_wconf 90' lang='lat' dir='ltr'><strong>sese</strong></span> <span class='ocrx_word' id='word_1_166' title='bbox 358 2011 500 2074; x_wconf 79' lang='lat' dir='ltr'><strong>iacturum</strong></span> <span class='ocrx_word' id='word_1_167' title='bbox 517 2032 552 2075; x_wconf 87' lang='lat' dir='ltr'><strong>ao</strong></span> <span class='ocrx_word' id='word_1_168' title='bbox 573 2016 800 2093; x_wconf 81' lang='lat' dir='ltr'><strong>pronuntiasset.</strong></span> <span class='ocrx_word' id='word_1_169' title='bbox 830 2011 931 2090; x_wconf 87' lang='lat' dir='ltr'><strong>ltaque</strong></span> <span class='ocrx_word' id='word_1_170' title='bbox 953 2030 1016 2072; x_wconf 87' lang='lat' dir='ltr'><strong>oum</strong></span> <span class='ocrx_word' id='word_1_171' title='bbox 1036 2010 1088 2071; x_wconf 93' lang='lat' dir='ltr'><strong>ille</strong></span> <span class='ocrx_word' id='word_1_172' title='bbox 1103 2007 1200 2070; x_wconf 88' lang='lat' dir='ltr'><strong>Sardis</strong></span> <span class='ocrx_word' id='word_1_173' title='bbox 1216 2009 1270 2069; x_wconf 89' lang='lat' dir='ltr'><strong>itu·</strong></span> <span class='ocrx_word' id='word_1_174' title='bbox 1287 2019 1304 2072; x_wconf 83' lang='lat'>5</span> 
     </span>
     <span class='ocr_line' id='line_1_22' title="bbox 146 2093 1271 2176; baseline -0.001 -23"><span class='ocrx_word' id='word_1_175' title='bbox 146 2123 163 2147; x_wconf 76' lang='grc' dir='ltr'><strong><em>ο</em></strong></span> <span class='ocrx_word' id='word_1_176' title='bbox 181 2113 244 2154; x_wconf 89' lang='lat' dir='ltr'><strong>rum</strong></span> <span class='ocrx_word' id='word_1_177' title='bbox 259 2093 293 2154; x_wconf 86' lang='lat' dir='ltr'><strong>se</strong></span> <span class='ocrx_word' id='word_1_178' title='bbox 309 2094 444 2173; x_wconf 86' lang='lat' dir='ltr'><strong>dixisset,</strong></span> <span class='ocrx_word' id='word_1_179' title='bbox 461 2096 678 2176; x_wconf 85' lang='lat' dir='ltr'><strong>Tissaphernes·</strong></span> <span class='ocrx_word' id='word_1_180' title='bbox 695 2098 817 2160; x_wconf 90' lang='lat' dir='ltr'><strong>eandem</strong></span> <span class='ocrx_word' id='word_1_181' title='bbox 836 2093 948 2157; x_wconf 85' lang='lat' dir='ltr'><strong>Cariam</strong></span> <span class='ocrx_word' id='word_1_182' title='bbox 962 2094 1174 2157; x_wconf 78' lang='lat' dir='ltr'><strong>defendendum</strong></span> <span class='ocrx_word' id='word_1_183' title='bbox 1190 2099 1271 2173; x_wconf 89' lang='lat' dir='ltr'><strong>puta-</strong></span> 
     </span>
     <span class='ocr_line' id='line_1_23' title="bbox 180 2178 1270 2262; baseline 0 -24"><span class='ocrx_word' id='word_1_184' title='bbox 180 2180 232 2240; x_wconf 81' lang='lat' dir='ltr'><strong>vit.</strong></span> <span class='ocrx_word' id='word_1_185' title='bbox 261 2178 294 2239; x_wconf 95' lang='lat' dir='ltr'><strong>ln</strong></span> <span class='ocrx_word' id='word_1_186' title='bbox 311 2196 371 2259; x_wconf 87' lang='lat' dir='ltr'><strong>quo</strong></span> <span class='ocrx_word' id='word_1_187' title='bbox 382 2199 446 2241; x_wconf 87' lang='lat' dir='ltr'><strong>enm</strong></span> <span class='ocrx_word' id='word_1_188' title='bbox 460 2201 525 2244; x_wconf 92' lang='lat' dir='ltr'><strong>eum</strong></span> <span class='ocrx_word' id='word_1_189' title='bbox 541 2185 641 2262; x_wconf 91' lang='lat' dir='ltr'><strong>opinio</strong></span> <span class='ocrx_word' id='word_1_190' title='bbox 657 2182 818 2244; x_wconf 80' lang='lat' dir='ltr'><strong>fefellisset</strong></span> <span class='ocrx_word' id='word_1_191' title='bbox 832 2182 998 2260; x_wconf 80' lang='lat' dir='ltr'><strong>victumque</strong></span> <span class='ocrx_word' id='word_1_192' title='bbox 1014 2199 1049 2241; x_wconf 88' lang='lat' dir='ltr'><strong>se</strong></span> <span class='ocrx_word' id='word_1_193' title='bbox 1064 2179 1188 2239; x_wconf 86' lang='lat' dir='ltr'><strong>vidisset</strong></span> <span class='ocrx_word' id='word_1_194' title='bbox 1202 2195 1270 2239; x_wconf 89' lang='lat' dir='ltr'><strong>eon·</strong></span> 
     </span>
     <span class='ocr_line' id='line_1_24' title="bbox 181 2263 1269 2347; baseline -0.001 -24"><span class='ocrx_word' id='word_1_195' title='bbox 181 2263 268 2342; x_wconf 89' lang='lat' dir='ltr'><strong>silio,</strong></span> <span class='ocrx_word' id='word_1_196' title='bbox 291 2281 360 2325; x_wconf 89' lang='lat' dir='ltr'><strong>sero</strong></span> <span class='ocrx_word' id='word_1_197' title='bbox 382 2267 443 2326; x_wconf 90' lang='lat' dir='ltr'><strong>suis</strong></span> <span class='ocrx_word' id='word_1_198' title='bbox 464 2267 612 2346; x_wconf 87' lang='lat' dir='ltr'><strong>praesidio</strong></span> <span class='ocrx_word' id='word_1_199' title='bbox 628 2268 779 2347; x_wconf 78' lang='lat' dir='ltr'><strong>proiectus</strong></span> <span class='ocrx_word' id='word_1_200' title='bbox 804 2273 859 2327; x_wconf 86' lang='lat' dir='ltr'><strong>est.</strong></span> <span class='ocrx_word' id='word_1_201' title='bbox 875 2264 960 2336; x_wconf 50' lang='lat' dir='ltr'><strong>¹Nam</strong></span> <span class='ocrx_word' id='word_1_202' title='bbox 978 2283 1041 2325; x_wconf 90' lang='lat' dir='ltr'><strong>oum</strong></span> <span class='ocrx_word' id='word_1_203' title='bbox 1056 2263 1107 2325; x_wconf 94' lang='lat' dir='ltr'><strong>illo</strong></span> <span class='ocrx_word' id='word_1_204' title='bbox 1126 2264 1269 2343; x_wconf 66' lang='lat' dir='ltr'><strong>uenisset,</strong></span> 
     </span>
     <span class='ocr_line' id='line_1_25' title="bbox 180 2347 1267 2432; baseline -0.001 -25"><span class='ocrx_word' id='word_1_205' title='bbox 180 2349 236 2408; x_wconf 89' lang='lat' dir='ltr'><strong>iam</strong></span> <span class='ocrx_word' id='word_1_206' title='bbox 244 2347 420 2429; x_wconf 71' lang='lat' dir='ltr'><strong>Agesilaus,</strong></span> <span class='ocrx_word' id='word_1_207' title='bbox 434 2350 533 2413; x_wconf 88' lang='lat' dir='ltr'><strong>multis</strong></span> <span class='ocrx_word' id='word_1_208' title='bbox 545 2351 619 2414; x_wconf 90' lang='lat' dir='ltr'><strong>loeis</strong></span> <span class='ocrx_word' id='word_1_209' title='bbox 636 2352 939 2432; x_wconf 60' lang='lat' dir='ltr'><strong>expugnatismagna</strong></span> <span class='ocrx_word' id='word_1_210' title='bbox 954 2357 1018 2412; x_wconf 89' lang='lat' dir='ltr'><strong>erat</strong></span> <span class='ocrx_word' id='word_1_211' title='bbox 1028 2347 1136 2429; x_wconf 82' lang='lat' dir='ltr'><strong>praeda</strong></span> <span class='ocrx_word' id='word_1_212' title='bbox 1148 2348 1267 2427; x_wconf 90' lang='lat' dir='ltr'><strong>potitus.</strong></span> 
     </span>
     <span class='ocr_line' id='line_1_26' title="bbox 179 2429 1303 2514; baseline 0.001 -23"><span class='ocrx_word' id='word_1_213' title='bbox 179 2429 256 2493; x_wconf 88' lang='lat' dir='ltr'><strong>haoo</strong></span> <span class='ocrx_word' id='word_1_214' title='bbox 272 2442 367 2494; x_wconf 87' lang='lat' dir='ltr'><strong>autern</strong></span> <span class='ocrx_word' id='word_1_215' title='bbox 383 2452 447 2495; x_wconf 88' lang='lat' dir='ltr'><strong>oum</strong></span> <span class='ocrx_word' id='word_1_216' title='bbox 461 2436 592 2513; x_wconf 85' lang='lat' dir='ltr'><strong>videret,</strong></span> <span class='ocrx_word' id='word_1_217' title='bbox 614 2437 709 2498; x_wconf 90' lang='lat' dir='ltr'><strong>hostis</strong></span> <span class='ocrx_word' id='word_1_218' title='bbox 732 2437 1040 2514; x_wconf 86' lang='lat' dir='ltr'><strong>equitatusuperare‚</strong></span> <span class='ocrx_word' id='word_1_219' title='bbox 1066 2449 1216 2510; x_wconf 85' lang='lat' dir='ltr'><strong>numquam</strong></span> <span class='ocrx_word' id='word_1_220' title='bbox 1239 2430 1269 2490; x_wconf 95' lang='lat' dir='ltr'><strong>in</strong></span> <span class='ocrx_word' id='word_1_221' title='bbox 1286 2440 1303 2492; x_wconf 83' lang='lat'><strong>6</strong></span> 
     </span>
    </p>
   </div>
   <div class='ocr_carea' id='block_1_6' title="bbox 178 2649 1314 3066">
    <p class='ocr_par' dir='ltr' id='par_1_7' title="bbox 178 2649 1314 2927">
     <span class='ocr_line' id='line_1_27' title="bbox 207 2649 1269 2722; baseline 0.002 -20"><span class='ocrx_word' id='word_1_222' title='bbox 207 2651 291 2716; x_wconf 80' lang='lat' dir='ltr'><strong>fidem</strong></span> <span class='ocrx_word' id='word_1_223' title='bbox 308 2649 361 2703; x_wconf 85' lang='lat' dir='ltr'><strong>wie</strong></span> <span class='ocrx_word' id='word_1_224' title='bbox 380 2650 447 2719; x_wconf 86' lang='lat' dir='ltr'><strong>Lys.</strong></span> <span class='ocrx_word' id='word_1_225' title='bbox 462 2653 490 2715; x_wconf 93' lang='lat' dir='ltr'><strong>l,</strong></span> <span class='ocrx_word' id='word_1_226' title='bbox 505 2652 522 2705; x_wconf 82' lang='lat'>5</span> <span class='ocrx_word' id='word_1_227' title='bbox 539 2654 597 2721; x_wconf 76' lang='lat' dir='ltr'><strong>fido</strong></span> <span class='ocrx_word' id='word_1_228' title='bbox 614 2654 727 2722; x_wconf 56' lang='lat' dir='ltr'><strong>confin-</strong></span> <span class='ocrx_word' id='word_1_229' title='bbox 772 2650 868 2721; x_wconf 78' lang='lat' dir='ltr'><strong>paribus</strong></span> <span class='ocrx_word' id='word_1_230' title='bbox 882 2651 1066 2718; x_wconf 78' lang='lat' dir='ltr'><strong>donarentur,</strong></span> <span class='ocrx_word' id='word_1_231' title='bbox 1079 2649 1124 2702; x_wconf 88' lang='lat' dir='ltr'><strong>ein</strong></span> <span class='ocrx_word' id='word_1_232' title='bbox 1136 2649 1202 2703; x_wconf 78' lang='lat' dir='ltr'><strong>Sela</strong></span> <span class='ocrx_word' id='word_1_233' title='bbox 1216 2650 1269 2704; x_wconf 83' lang='lat' dir='ltr'><strong>wie</strong></span> 
     </span>
     <span class='ocr_line' id='line_1_28' title="bbox 178 2719 1269 2790; baseline -0.001 -18"><span class='ocrx_word' id='word_1_234' title='bbox 178 2726 276 2773; x_wconf 83' lang='lat' dir='ltr'><strong>murat.</strong></span> <span class='ocrx_word' id='word_1_235' title='bbox 301 2720 421 2774; x_wconf 83' lang='lat' dir='ltr'><strong>Beaohte</strong></span> <span class='ocrx_word' id='word_1_236' title='bbox 439 2720 483 2774; x_wconf 86' lang='lat' dir='ltr'><strong>die</strong></span> <span class='ocrx_word' id='word_1_237' title='bbox 497 2722 710 2777; x_wconf 72' lang='lat' dir='ltr'><strong>verschiedenen</strong></span> <span class='ocrx_word' id='word_1_238' title='bbox 737 2724 784 2790; x_wconf 74' lang='lat' dir='ltr'><strong>qui</strong></span> <span class='ocrx_word' id='word_1_239' title='bbox 802 2722 972 2774; x_wconf 70' lang='lat' dir='ltr'><strong>cumotereat</strong></span> <span class='ocrx_word' id='word_1_240' title='bbox 989 2719 1059 2773; x_wconf 71' lang='lat' dir='ltr'><strong>Mitt</strong></span> <span class='ocrx_word' id='word_1_241' title='bbox 1078 2723 1102 2787; x_wconf 87' lang='lat' dir='ltr'><strong>l,</strong></span> <span class='ocrx_word' id='word_1_242' title='bbox 1120 2724 1146 2774; x_wconf 78' lang='lat'><strong>2.</strong></span> <span class='ocrx_word' id='word_1_243' title='bbox 1157 2748 1191 2759; x_wconf 90' lang='lat'><em>-</em></span> <span class='ocrx_word' id='word_1_244' title='bbox 1202 2719 1269 2772; x_wconf 84' lang='lat' dir='ltr'><strong>Was</strong></span> 
     </span>
     <span class='ocr_line' id='line_1_29' title="bbox 178 2787 1269 2859; baseline 0.002 -19"><span class='ocrx_word' id='word_1_245' title='bbox 178 2787 522 2858; x_wconf 76' lang='lat' dir='ltr'><strong>Ausdrfickeftir,‚1tid⁴‘.</strong></span> <span class='ocrx_word' id='word_1_246' title='bbox 735 2793 775 2844; x_wconf 82' lang='lat' dir='ltr'><strong>ist</strong></span> <span class='ocrx_word' id='word_1_247' title='bbox 800 2806 851 2843; x_wconf 83' lang='lat' dir='ltr'><strong>vor</strong></span> <span class='ocrx_word' id='word_1_248' title='bbox 876 2808 990 2859; x_wconf 77' lang='lat' dir='ltr'><strong>quorem</strong></span> <span class='ocrx_word' id='word_1_249' title='bbox 1019 2788 1269 2843; x_wconf 73' lang='lat' dir='ltr'><strong>hinsnendeuheui</strong></span> 
     </span>
     <span class='ocr_line' id='line_1_30' title="bbox 736 2859 1314 2927; baseline -0.003 -13"><span class='ocrx_word' id='word_1_250' title='bbox 736 2879 757 2914; x_wconf 84' lang='grc' dir='ltr'><strong>ι.</strong></span> <span class='ocrx_word' id='word_1_251' title='bbox 770 2877 806 2914; x_wconf 80' lang='lat' dir='ltr'><strong>zu</strong></span> <span class='ocrx_word' id='word_1_252' title='bbox 817 2859 889 2912; x_wconf 89' lang='lat' dir='ltr'><strong>Dion</strong></span> <span class='ocrx_word' id='word_1_253' title='bbox 899 2862 930 2927; x_wconf 88' lang='lat'><strong>8,</strong></span> <span class='ocrx_word' id='word_1_254' title='bbox 945 2864 963 2912; x_wconf 81' lang='lat'><strong>4</strong></span> <span class='ocrx_word' id='word_1_255' title='bbox 977 2861 1155 2925; x_wconf 78' lang='lat' dir='ltr'><strong>conueniunt,</strong></span> <span class='ocrx_word' id='word_1_256' title='bbox 1173 2860 1261 2913; x_wconf 65' lang='lat' dir='ltr'><strong>euim.</strong></span> <span class='ocrx_word' id='word_1_257' title='bbox 1312 2886 1314 2900; x_wconf 83' lang='lat'><em>=</em></span> 
     </span>
    </p>

    <p class='ocr_par' dir='ltr' id='par_1_8' title="bbox 736 2926 1269 3066">
     <span class='ocr_line' id='line_1_31' title="bbox 770 2926 1269 2998; baseline -0.008 -14"><span class='ocrx_word' id='word_1_258' title='bbox 770 2931 797 2984; x_wconf 83' lang='lat'><strong>3.</strong></span> <span class='ocrx_word' id='word_1_259' title='bbox 814 2930 969 2983; x_wconf 65' lang='lat' dir='ltr'><strong>monetote</strong></span> <span class='ocrx_word' id='word_1_260' title='bbox 981 2931 1105 2998; x_wconf 69' lang='lat' dir='ltr'><strong>officere,</strong></span> <span class='ocrx_word' id='word_1_261' title='bbox 1120 2926 1269 2983; x_wconf 79' lang='lat' dir='ltr'><strong>sehrviele</strong></span> 
     </span>
     <span class='ocr_line' id='line_1_32' title="bbox 736 2998 1267 3066; baseline 0 -14"><span class='ocrx_word' id='word_1_262' title='bbox 736 2999 786 3052; x_wconf 81' lang='lat' dir='ltr'><strong>mit</strong></span> <span class='ocrx_word' id='word_1_263' title='bbox 801 3001 912 3066; x_wconf 76' lang='lat' dir='ltr'><strong>efJinere</strong></span> <span class='ocrx_word' id='word_1_264' title='bbox 924 2999 1060 3066; x_wconf 78' lang='lat' dir='ltr'><strong>gebildete</strong></span> <span class='ocrx_word' id='word_1_265' title='bbox 1079 2998 1267 3053; x_wconf 80' lang='lat' dir='ltr'><strong>Redensarteu</strong></span> 
     </span>
    </p>
   </div>
   <div class='ocr_carea' id='block_1_7' title="bbox 213 2881 713 2964">
    <p class='ocr_par' dir='ltr' id='par_1_9' title="bbox 213 2881 713 2964">
     <span class='ocr_line' id='line_1_33' title="bbox 213 2881 713 2964; baseline 0.002 -16"><span class='ocrx_word' id='word_1_266' title='bbox 213 2895 247 2958; x_wconf 79' lang='lat'><strong>3,</strong></span> <span class='ocrx_word' id='word_1_267' title='bbox 258 2881 302 2948; x_wconf 77' lang='lat'><strong>&#39;1.,</strong></span> <span class='ocrx_word' id='word_1_268' title='bbox 314 2891 371 2947; x_wconf 74' lang='lat' dir='ltr'><strong>dies</strong></span> <span class='ocrx_word' id='word_1_269' title='bbox 384 2893 650 2964; x_wconf 87' lang='lat' dir='ltr'><strong>hier,‚derTermin,</strong></span> <span class='ocrx_word' id='word_1_270' title='bbox 666 2895 713 2949; x_wconf 87' lang='lat' dir='ltr'><strong>dle</strong></span> 
     </span>
    </p>
   </div>
   <div class='ocr_carea' id='block_1_8' title="bbox 212 3015 709 3102">
    <p class='ocr_par' dir='ltr' id='par_1_10' title="bbox 212 3015 709 3102">
     <span class='ocr_line' id='line_1_34' title="bbox 212 3015 709 3102; baseline 0.008 -19"><span class='ocrx_word' id='word_1_271' title='bbox 212 3015 268 3083; x_wconf 75' lang='lat' dir='ltr'><strong>ehu</strong></span> <span class='ocrx_word' id='word_1_272' title='bbox 286 3030 429 3099; x_wconf 79' lang='lat' dir='ltr'><strong>dubitans,</strong></span> <span class='ocrx_word' id='word_1_273' title='bbox 453 3030 523 3084; x_wconf 83' lang='lat' dir='ltr'><strong>denu</strong></span> <span class='ocrx_word' id='word_1_274' title='bbox 546 3032 644 3102; x_wconf 79' lang='lat' dir='ltr'><strong>gehdrt</strong></span> <span class='ocrx_word' id='word_1_275' title='bbox 660 3031 709 3087; x_wconf 89' lang='lat' dir='ltr'><strong>der</strong></span> 
     </span>
    </p>
   </div>
   <div class='ocr_carea' id='block_1_9' title="bbox 177 3098 1346 3241">
    <p class='ocr_par' dir='ltr' id='par_1_11' title="bbox 177 3098 1346 3241">
     <span class='ocr_line' id='line_1_35' title="bbox 177 3098 1346 3223; baseline 0.024 -71"><span class='ocrx_word' id='word_1_276' title='bbox 177 3100 307 3223; x_wconf 54' lang='lat' dir='ltr'><strong>{olgtpnde</strong></span> <span class='ocrx_word' id='word_1_277' title='bbox 318 3098 417 3153; x_wconf 82' lang='lat' dir='ltr'><strong>Aecus.</strong></span> <span class='ocrx_word' id='word_1_278' title='bbox 433 3117 456 3156; x_wconf 90' lang='lat' dir='ltr'><strong>c.</strong></span> <span class='ocrx_word' id='word_1_279' title='bbox 471 3101 537 3170; x_wconf 77' lang='lat' dir='ltr'><strong>int,</strong></span> <span class='ocrx_word' id='word_1_280' title='bbox 550 3119 572 3155; x_wconf 89' lang='lat' dir='ltr'><strong>s.</strong></span> <span class='ocrx_word' id='word_1_281' title='bbox 589 3118 625 3155; x_wconf 84' lang='lat' dir='ltr'><strong>zu</strong></span> <span class='ocrx_word' id='word_1_282' title='bbox 635 3101 707 3156; x_wconf 82' lang='lat' dir='ltr'><strong>mitt.</strong></span> <span class='ocrx_word' id='word_1_283' title='bbox 734 3137 920 3205; x_wconf 50' lang='lat' dir='ltr'><strong>demaebem</strong></span> <span class='ocrx_word' id='word_1_284' title='bbox 932 3139 1037 3204; x_wconf 56' lang='lat' dir='ltr'><strong>mm,</strong></span> <span class='ocrx_word' id='word_1_285' title='bbox 1044 3137 1084 3189; x_wconf 58' lang='lat' dir='ltr'><strong>ist</strong></span> <span class='ocrx_word' id='word_1_286' title='bbox 1094 3136 1167 3190; x_wconf 62' lang='lat' dir='ltr'><strong>dm„</strong></span> <span class='ocrx_word' id='word_1_287' title='bbox 1182 3136 1269 3191; x_wconf 63' lang='lat' dir='ltr'><strong>durch</strong></span> <span class='ocrx_word' id='word_1_288' title='bbox 1343 3191 1346 3196; x_wconf 90' lang='lat'><strong>.</strong></span> 
     </span>
     <span class='ocr_line' id='line_1_36' title="bbox 201 3206 255 3241; baseline 0.037 -21"><span class='ocrx_word' id='word_1_289' title='bbox 201 3211 209 3241; x_wconf 84' lang='lat'>‚</span> <span class='ocrx_word' id='word_1_290' title='bbox 247 3206 255 3222; x_wconf 91' lang='lat'><strong>.</strong></span> 
     </span>
    </p>
   </div>
   <div class='ocr_carea' id='block_1_10' title="bbox 211 3206 1267 3344">
    <p class='ocr_par' dir='ltr' id='par_1_12' title="bbox 211 3206 1267 3344">
     <span class='ocr_line' id='line_1_37' title="bbox 211 3206 1150 3306; baseline -0.024 -24"><span class='ocrx_word' id='word_1_291' title='bbox 211 3239 345 3293; x_wconf 55' lang='lat' dir='ltr'><strong>pompm„</strong></span> <span class='ocrx_word' id='word_1_292' title='bbox 362 3235 422 3292; x_wconf 57' lang='lat' dir='ltr'><strong>bip,</strong></span> <span class='ocrx_word' id='word_1_293' title='bbox 440 3237 630 3306; x_wconf 61' lang='lat' dir='ltr'><strong>„Scbldmr‘fi</strong></span> <span class='ocrx_word' id='word_1_294' title='bbox 736 3208 780 3261; x_wconf 83' lang='lat' dir='ltr'><strong>ein</strong></span> <span class='ocrx_word' id='word_1_295' title='bbox 797 3206 918 3290; x_wconf 64' lang='lat' dir='ltr'><strong>Adserb.</strong></span> <span class='ocrx_word' id='word_1_296' title='bbox 934 3206 1150 3263; x_wconf 80' lang='lat' dir='ltr'><strong>susuudrrielreu.</strong></span> 
     </span>
     <span class='ocr_line' id='line_1_38' title="bbox 743 3277 1267 3344; baseline -0.011 -14"><span class='ocrx_word' id='word_1_297' title='bbox 743 3323 747 3335; x_wconf 83' lang='lat'><strong>,</strong></span> <span class='ocrx_word' id='word_1_298' title='bbox 769 3284 981 3337; x_wconf 72' lang='lat' dir='ltr'><strong>ornuttsarmttm,</strong></span> <span class='ocrx_word' id='word_1_299' title='bbox 1001 3293 1068 3344; x_wconf 78' lang='lat' dir='ltr'><strong>„em</strong></span> <span class='ocrx_word' id='word_1_300' title='bbox 1096 3277 1192 3329; x_wconf 70' lang='lat' dir='ltr'><strong>benten</strong></span> <span class='ocrx_word' id='word_1_301' title='bbox 1218 3291 1267 3343; x_wconf 79' lang='lat' dir='ltr'><strong>ge-</strong></span> 
     </span>
    </p>
   </div>
   <div class='ocr_carea' id='block_1_11' title="bbox 175 3323 1266 4110">
    <p class='ocr_par' dir='ltr' id='par_1_13' title="bbox 175 3323 1266 4110">
     <span class='ocr_line' id='line_1_39' title="bbox 211 3323 850 3401; baseline -0.003 -25"><span class='ocrx_word' id='word_1_302' title='bbox 211 3329 236 3376; x_wconf 81' lang='lat'><strong>2.</strong></span> <span class='ocrx_word' id='word_1_303' title='bbox 248 3323 707 3380; x_wconf 78' lang='lat' dir='ltr'><strong>hiematumwiedelt&#39;berotamhlilt.</strong></span> <span class='ocrx_word' id='word_1_304' title='bbox 734 3345 850 3401; x_wconf 45' lang='lat' dir='ltr'><strong>fimeto·</strong></span> 
     </span>
     <span class='ocr_line' id='line_1_40' title="bbox 178 3398 1266 3482; baseline 0.004 -20"><span class='ocrx_word' id='word_1_305' title='bbox 178 3398 207 3462; x_wconf 71' lang='lat' dir='ltr'><strong>ls</strong></span> <span class='ocrx_word' id='word_1_306' title='bbox 226 3398 251 3446; x_wconf 72' lang='lat'><strong>2·</strong></span> <span class='ocrx_word' id='word_1_307' title='bbox 279 3463 286 3475; x_wconf 75' lang='lat'>‚</span> <span class='ocrx_word' id='word_1_308' title='bbox 310 3462 316 3475; x_wconf 74' lang='grc'><em>,</em></span> <span class='ocrx_word' id='word_1_309' title='bbox 689 3464 695 3478; x_wconf 82' lang='grc'><em>,</em></span> <span class='ocrx_word' id='word_1_310' title='bbox 769 3418 795 3468; x_wconf 83' lang='grc'><strong>4.</strong></span> <span class='ocrx_word' id='word_1_311' title='bbox 819 3423 924 3481; x_wconf 80' lang='lat' dir='ltr'><strong>tempus</strong></span> <span class='ocrx_word' id='word_1_312' title='bbox 947 3422 1003 3481; x_wconf 80' lang='lat' dir='ltr'><strong>eat,</strong></span> <span class='ocrx_word' id='word_1_313' title='bbox 1029 3422 1132 3482; x_wconf 79' lang='lat' dir='ltr'><strong>tempos</strong></span> <span class='ocrx_word' id='word_1_314' title='bbox 1160 3414 1266 3473; x_wconf 63' lang='lat' dir='ltr'><strong>videtur</strong></span> 
     </span>
     <span class='ocr_line' id='line_1_41' title="bbox 211 3464 1266 3550; baseline 0.008 -20"><span class='ocrx_word' id='word_1_315' title='bbox 211 3464 329 3531; x_wconf 72' lang='lat' dir='ltr'><strong>⁰ffi⁰m⁸⁸</strong></span> <span class='ocrx_word' id='word_1_316' title='bbox 347 3479 491 3530; x_wconf 61' lang='lat' dir='ltr'><strong>mmm&gt;</strong></span> <span class='ocrx_word' id='word_1_317' title='bbox 507 3480 529 3516; x_wconf 77' lang='lat'><strong>⁸·</strong></span> <span class='ocrx_word' id='word_1_318' title='bbox 543 3479 578 3515; x_wconf 61' lang='grc' dir='ltr'><strong><em>Ν</em></strong></span> <span class='ocrx_word' id='word_1_319' title='bbox 596 3465 708 3519; x_wconf 55' lang='lat' dir='ltr'><strong>&#39;‘⁰²²⁰&#39;ss</strong></span> <span class='ocrx_word' id='word_1_320' title='bbox 734 3484 783 3537; x_wconf 78' lang='lat' dir='ltr'><strong>nait</strong></span> <span class='ocrx_word' id='word_1_321' title='bbox 798 3483 858 3535; x_wconf 86' lang='lat' dir='ltr'><strong>deun</strong></span> <span class='ocrx_word' id='word_1_322' title='bbox 876 3481 957 3535; x_wconf 83' lang='lat' dir='ltr'><strong>Inlin.</strong></span> <span class='ocrx_word' id='word_1_323' title='bbox 978 3499 1027 3550; x_wconf 83' lang='lat' dir='ltr'><strong>„es</strong></span> <span class='ocrx_word' id='word_1_324' title='bbox 1042 3482 1094 3550; x_wconf 82' lang='lat' dir='ltr'><strong>ist,</strong></span> <span class='ocrx_word' id='word_1_325' title='bbox 1111 3483 1219 3537; x_wconf 80' lang='lat' dir='ltr'><strong>soheint</strong></span> <span class='ocrx_word' id='word_1_326' title='bbox 1230 3501 1266 3538; x_wconf 87' lang='lat' dir='ltr'><strong>en</strong></span> 
     </span>
     <span class='ocr_line' id='line_1_42' title="bbox 177 3529 985 3606; baseline -0.007 -20"><span class='ocrx_word' id='word_1_327' title='bbox 177 3549 278 3586; x_wconf 81' lang='lat' dir='ltr'><strong>corono</strong></span> <span class='ocrx_word' id='word_1_328' title='bbox 294 3529 393 3583; x_wconf 79' lang='lat' dir='ltr'><strong>Thrae.</strong></span> <span class='ocrx_word' id='word_1_329' title='bbox 412 3534 443 3598; x_wconf 85' lang='grc'><strong>4,</strong></span> <span class='ocrx_word' id='word_1_330' title='bbox 465 3533 488 3584; x_wconf 94' lang='lat' dir='ltr'><strong>l.</strong></span> <span class='ocrx_word' id='word_1_331' title='bbox 734 3554 783 3606; x_wconf 60' lang='lat' dir='ltr'><strong>der</strong></span> <span class='ocrx_word' id='word_1_332' title='bbox 799 3551 888 3604; x_wconf 47' lang='lat' dir='ltr'>Zeita·</span> <span class='ocrx_word' id='word_1_333' title='bbox 982 3591 985 3595; x_wconf 9' lang='grc' dir='ltr'><strong>λ</strong></span> 
     </span>
     <span class='ocr_line' id='line_1_43' title="bbox 188 3617 1264 3692; baseline 0.007 -22"><span class='ocrx_word' id='word_1_334' title='bbox 188 3657 195 3663; x_wconf 74' lang='grc'>.</span> <span class='ocrx_word' id='word_1_335' title='bbox 211 3624 385 3671; x_wconf 77' lang='lat' dir='ltr'><strong>armarentur</strong></span> <span class='ocrx_word' id='word_1_336' title='bbox 401 3645 434 3655; x_wconf 88' lang='lat'>—</span> <span class='ocrx_word' id='word_1_337' title='bbox 446 3626 612 3672; x_wconf 77' lang='lat' dir='ltr'><strong>eruerentur</strong></span> <span class='ocrx_word' id='word_1_338' title='bbox 629 3617 708 3672; x_wconf 78' lang='lat' dir='ltr'><strong>dber-</strong></span> <span class='ocrx_word' id='word_1_339' title='bbox 766 3622 988 3692; x_wconf 80' lang='lat' dir='ltr'><strong>pronuntiasset,</strong></span> <span class='ocrx_word' id='word_1_340' title='bbox 1004 3638 1027 3674; x_wconf 88' lang='lat' dir='ltr'><strong>s.</strong></span> <span class='ocrx_word' id='word_1_341' title='bbox 1039 3637 1073 3674; x_wconf 82' lang='lat' dir='ltr'><strong>nu</strong></span> <span class='ocrx_word' id='word_1_342' title='bbox 1092 3621 1121 3675; x_wconf 84' lang='lat' dir='ltr'><strong>id</strong></span> <span class='ocrx_word' id='word_1_343' title='bbox 1136 3622 1162 3676; x_wconf 77' lang='grc' dir='ltr'><strong>ιι·</strong></span> <span class='ocrx_word' id='word_1_344' title='bbox 1182 3622 1264 3688; x_wconf 68' lang='lat' dir='ltr'><strong>fenta-</strong></span> 
     </span>
     <span class='ocr_line' id='line_1_44' title="bbox 176 3686 976 3757; baseline 0 -15"><span class='ocrx_word' id='word_1_345' title='bbox 176 3694 251 3742; x_wconf 82' lang='lat' dir='ltr'><strong>setne</strong></span> <span class='ocrx_word' id='word_1_346' title='bbox 273 3686 341 3738; x_wconf 82' lang='lat' dir='ltr'><strong>nach</strong></span> <span class='ocrx_word' id='word_1_347' title='bbox 367 3688 541 3742; x_wconf 78' lang='lat' dir='ltr'><strong>exercebatur</strong></span> <span class='ocrx_word' id='word_1_348' title='bbox 558 3688 613 3756; x_wconf 79' lang='lat' dir='ltr'><strong>Ep.</strong></span> <span class='ocrx_word' id='word_1_349' title='bbox 632 3693 662 3756; x_wconf 79' lang='lat'><strong>2,</strong></span> <span class='ocrx_word' id='word_1_350' title='bbox 680 3691 706 3743; x_wconf 80' lang='grc'><strong>5.</strong></span> <span class='ocrx_word' id='word_1_351' title='bbox 733 3700 793 3746; x_wconf 80' lang='lat' dir='ltr'><strong>sent</strong></span> <span class='ocrx_word' id='word_1_352' title='bbox 805 3690 881 3744; x_wconf 75' lang='lat' dir='ltr'><strong>built.</strong></span> <span class='ocrx_word' id='word_1_353' title='bbox 901 3692 930 3757; x_wconf 88' lang='lat'><strong>1,</strong></span> <span class='ocrx_word' id='word_1_354' title='bbox 949 3691 976 3744; x_wconf 80' lang='lat'><strong>3.</strong></span> 
     </span>
     <span class='ocr_line' id='line_1_45' title="bbox 175 3757 1265 3830; baseline 0.002 -20"><span class='ocrx_word' id='word_1_355' title='bbox 175 3759 217 3810; x_wconf 87' lang='lat' dir='ltr'><strong>Zn</strong></span> <span class='ocrx_word' id='word_1_356' title='bbox 246 3763 412 3810; x_wconf 81' lang='lat' dir='ltr'><strong>ornarentur</strong></span> <span class='ocrx_word' id='word_1_357' title='bbox 440 3758 496 3824; x_wconf 79' lang='lat' dir='ltr'><strong>vgl.</strong></span> <span class='ocrx_word' id='word_1_358' title='bbox 525 3757 598 3809; x_wconf 88' lang='lat' dir='ltr'><strong>Dion</strong></span> <span class='ocrx_word' id='word_1_359' title='bbox 630 3759 662 3826; x_wconf 80' lang='grc'><strong>9,</strong></span> <span class='ocrx_word' id='word_1_360' title='bbox 690 3762 707 3812; x_wconf 71' lang='lat'>2</span> <span class='ocrx_word' id='word_1_361' title='bbox 769 3779 828 3816; x_wconf 75' lang='lat' dir='ltr'><strong>sere</strong></span> <span class='ocrx_word' id='word_1_362' title='bbox 846 3758 1087 3815; x_wconf 75' lang='lat' dir='ltr'><strong>teutmtdcnouf</strong></span> <span class='ocrx_word' id='word_1_363' title='bbox 1099 3759 1265 3830; x_wconf 81' lang='lat' dir='ltr'><strong>daanupt·</strong></span> 
     </span>
     <span class='ocr_line' id='line_1_46' title="bbox 175 3825 1067 3898; baseline 0.004 -17"><span class='ocrx_word' id='word_1_364' title='bbox 175 3844 271 3882; x_wconf 78' lang='lat' dir='ltr'><strong>nouem</strong></span> <span class='ocrx_word' id='word_1_365' title='bbox 288 3825 401 3879; x_wconf 72' lang='lat' dir='ltr'><strong>arbuto</strong></span> <span class='ocrx_word' id='word_1_366' title='bbox 419 3835 509 3881; x_wconf 77' lang='lat' dir='ltr'><strong>munt.</strong></span> <span class='ocrx_word' id='word_1_367' title='bbox 528 3825 662 3894; x_wconf 74' lang='lat' dir='ltr'><strong>Maubai,</strong></span> <span class='ocrx_word' id='word_1_368' title='bbox 676 3827 710 3880; x_wconf 87' lang='lat' dir='ltr'><strong>da</strong></span> <span class='ocrx_word' id='word_1_369' title='bbox 735 3831 842 3898; x_wconf 79' lang='lat' dir='ltr'><strong>subject</strong></span> <span class='ocrx_word' id='word_1_370' title='bbox 858 3829 907 3882; x_wconf 75' lang='lat' dir='ltr'><strong>det</strong></span> <span class='ocrx_word' id='word_1_371' title='bbox 923 3829 1029 3884; x_wconf 68' lang='lat' dir='ltr'><strong>Saites.</strong></span> <span class='ocrx_word' id='word_1_372' title='bbox 1065 3879 1067 3885; x_wconf 93' lang='lat'><strong>.</strong></span> 
     </span>
     <span class='ocr_line' id='line_1_47' title="bbox 176 3894 1184 3966; baseline 0 -16"><span class='ocrx_word' id='word_1_373' title='bbox 176 3899 453 3951; x_wconf 75' lang='lat' dir='ltr'><strong>sehon-amarentur</strong></span> <span class='ocrx_word' id='word_1_374' title='bbox 472 3894 654 3964; x_wconf 59' lang='lat' dir='ltr'><strong>voruusgenm</strong></span> <span class='ocrx_word' id='word_1_375' title='bbox 673 3914 708 3951; x_wconf 87' lang='lat' dir='ltr'><strong>an</strong></span> <span class='ocrx_word' id='word_1_376' title='bbox 749 3903 794 3954; x_wconf 82' lang='grc'><strong>’5.</strong></span> <span class='ocrx_word' id='word_1_377' title='bbox 811 3900 933 3966; x_wconf 78' lang='lat' dir='ltr'><strong>eundem,</strong></span> <span class='ocrx_word' id='word_1_378' title='bbox 951 3917 972 3953; x_wconf 83' lang='grc' dir='ltr'><strong>ι.</strong></span> <span class='ocrx_word' id='word_1_379' title='bbox 993 3915 1028 3953; x_wconf 83' lang='grc' dir='ltr'><strong>ιιι</strong></span> <span class='ocrx_word' id='word_1_380' title='bbox 1046 3898 1093 3952; x_wconf 81' lang='lat' dir='ltr'><strong>Ar.</strong></span> <span class='ocrx_word' id='word_1_381' title='bbox 1112 3901 1184 3966; x_wconf 82' lang='lat'><strong>2,1.</strong></span> 
     </span>
     <span class='ocr_line' id='line_1_48' title="bbox 175 3965 1263 4038; baseline 0.005 -23"><span class='ocrx_word' id='word_1_382' title='bbox 175 3965 352 4032; x_wconf 77' lang='lat' dir='ltr'><strong>voradgliohe</strong></span> <span class='ocrx_word' id='word_1_383' title='bbox 378 3966 452 4018; x_wconf 84' lang='lat' dir='ltr'><strong>Giite</strong></span> <span class='ocrx_word' id='word_1_384' title='bbox 479 3965 534 4018; x_wconf 87' lang='lat' dir='ltr'><strong>und</strong></span> <span class='ocrx_word' id='word_1_385' title='bbox 557 3966 709 4021; x_wconf 79' lang='lat' dir='ltr'><strong>Sohdnheit</strong></span> <span class='ocrx_word' id='word_1_386' title='bbox 768 3971 829 4037; x_wconf 80' lang='lat' dir='ltr'><strong>illo,</strong></span> <span class='ocrx_word' id='word_1_387' title='bbox 846 3968 965 4023; x_wconf 82' lang='lat' dir='ltr'><strong>Adverb.</strong></span> <span class='ocrx_word' id='word_1_388' title='bbox 984 3969 1037 4022; x_wconf 79' lang='lat' dir='ltr'><strong>wie</strong></span> <span class='ocrx_word' id='word_1_389' title='bbox 1051 3986 1117 4038; x_wconf 80' lang='lat' dir='ltr'><strong>pato,</strong></span> <span class='ocrx_word' id='word_1_390' title='bbox 1134 3982 1179 4031; x_wconf 85' lang='lat' dir='ltr'><strong>eo,</strong></span> <span class='ocrx_word' id='word_1_391' title='bbox 1200 3966 1263 4021; x_wconf 76' lang='lat' dir='ltr'><strong>olio.</strong></span> 
     </span>
     <span class='ocr_line' id='line_1_49' title="bbox 177 4034 1230 4110; baseline 0.001 -21"><span class='ocrx_word' id='word_1_392' title='bbox 177 4036 225 4089; x_wconf 89' lang='lat' dir='ltr'><strong>der</strong></span> <span class='ocrx_word' id='word_1_393' title='bbox 242 4034 419 4104; x_wconf 79' lang='lat' dir='ltr'><strong>Ausrdntung</strong></span> <span class='ocrx_word' id='word_1_394' title='bbox 437 4052 472 4094; x_wconf 84' lang='grc' dir='ltr'><strong>ιιι</strong></span> <span class='ocrx_word' id='word_1_395' title='bbox 485 4035 603 4092; x_wconf 84' lang='lat' dir='ltr'><strong>denhen.</strong></span> <span class='ocrx_word' id='word_1_396' title='bbox 767 4042 794 4095; x_wconf 81' lang='lat' dir='ltr'><strong>d.</strong></span> <span class='ocrx_word' id='word_1_397' title='bbox 811 4056 942 4109; x_wconf 72' lang='lat' dir='ltr'><strong>emperors</strong></span> <span class='ocrx_word' id='word_1_398' title='bbox 955 4039 1124 4110; x_wconf 77' lang='lat' dir='ltr'><strong>„dberlegen</strong></span> <span class='ocrx_word' id='word_1_399' title='bbox 1141 4035 1230 4091; x_wconf 81' lang='lat' dir='ltr'><strong>sein“.</strong></span> 
     </span>
    </p>
   </div>
   <div class='ocr_carea' id='block_1_12' title="bbox 0 0 1430 4604">
    <p class='ocr_par' dir='ltr' id='par_1_14' title="bbox 0 0 1430 4604">
     <span class='ocr_line' id='line_1_50' title="bbox 0 0 1430 4604; baseline 0 4"><span class='ocrx_word' id='word_1_400' title='bbox 0 0 1430 4604; x_wconf 95' lang='lat' dir='ltr'><strong> </strong></span> 
     </span>
    </p>
   </div>
   <div class='ocr_carea' id='block_1_13' title="bbox 735 3067 1377 3121">
    <p class='ocr_par' dir='ltr' id='par_1_15' title="bbox 735 3067 1377 3121">
     <span class='ocr_line' id='line_1_51' title="bbox 735 3067 1377 3121; baseline -0.006 0"><span class='ocrx_word' id='word_1_401' title='bbox 735 3068 798 3121; x_wconf 76' lang='lat' dir='ltr'><strong>sind</strong></span> <span class='ocrx_word' id='word_1_402' title='bbox 814 3070 850 3120; x_wconf 85' lang='lat' dir='ltr'><strong>iun</strong></span> <span class='ocrx_word' id='word_1_403' title='bbox 867 3068 902 3119; x_wconf 86' lang='grc' dir='ltr'><strong>Ι).</strong></span> <span class='ocrx_word' id='word_1_404' title='bbox 923 3068 1008 3121; x_wconf 82' lang='lat' dir='ltr'><strong>durch</strong></span> <span class='ocrx_word' id='word_1_405' title='bbox 1027 3068 1090 3120; x_wconf 92' lang='lat' dir='ltr'><strong>ein</strong></span> <span class='ocrx_word' id='word_1_406' title='bbox 1108 3068 1190 3121; x_wconf 83' lang='lat' dir='ltr'><strong>Wort</strong></span> <span class='ocrx_word' id='word_1_407' title='bbox 1201 3067 1267 3120; x_wconf 84' lang='lat' dir='ltr'><strong>wie·</strong></span> <span class='ocrx_word' id='word_1_408' title='bbox 1375 3101 1377 3104; x_wconf 93' lang='lat'>-</span> 
     </span>
    </p>
   </div>
  </div>
 </body>
</html>
