2850 4604
190 287 230 351 88
477 299 532 347 xv.
565 297 815 347 urrurucnnus
834 298 909 346 cnr.
926 295 952 348 ι.
967 293 994 347 a.

273 456 301 517 2.
319 456 409 517 Natus
423 455 513 534 igitur
527 463 621 535 patre,
638 440 696 534 dno
712 455 845 532 diximus,
865 474 979 533 genere
999 455 1143 534 honesto,
1165 474 1285 540 pauper

188 546 243 603 iam
260 562 275 603 a
291 542 448 601 maioribus
473 541 612 618 relictus,
636 541 765 600 eruditus
787 550 881 600 autem
899 543 952 617 sic,
975 549 1007 599 ut
1023 559 1107 601 nemo
1123 541 1284 607 Thebanus

187 630 294 705 magis:
325 624 387 686 nam
410 634 440 686 et
455 626 627 686 citharizare
643 633 673 686 et
687 634 803 686 cantare
819 625 854 705 ad
868 624 1038 685 chordarum
1057 645 1159 686 sonum
1175 628 1284 690 doctus

189 721 235 773 est
251 731 266 771 a
280 711 434 788 Dionysio,
449 713 497 788 qui
515 728 573 769 non
589 712 701 769 minure
716 711 770 769 luit
784 710 813 769 iu
829 711 945 770 musicis
961 709 1055 787 gloria
1072 729 1157 789 quam
1167 711 1284 774 Damon
1370 761 1373 768 .

187 806 235 857 aut
249 796 401 875 Lamprus,
422 812 543 873 quorum
559 794 729 873 pervulgata
750 802 817 853 sunt
842 796 971 863 nomina;
998 803 1116 854 cantare
1139 796 1219 857 tibiis
1244 799 1283 859 ab

153 894 169 941 2
190 878 410 959 Olympiodoro,
429 877 536 939 saltare
553 897 568 938 a
584 876 798 958 Calliphrone..
819 877 860 937 At
880 877 1085 958 philosophiae
1104 892 1284 962 praecepto-

187 985 250 1025 rem
267 964 369 1025 habuit
384 963 480 1039 Lysim
494 962 696 1040 Tarentinum,
722 962 949 1040 Pythagoreum
975 964 1020 1023 cui
1034 963 1150 1040 quidem
1166 967 1211 1026 sic
1227 968 1285 1028 luit

186 1050 313 1125 deditus,
337 1056 369 1106 nt
384 1046 558 1106 adolescens
575 1049 687 1107 tristem
701 1066 735 1107 ac
752 1065 888 1107 severum
909 1066 1010 1108 senem
1030 1049 1163 1109 omnibns
1176 1068 1284 1130 acqua·
1380 1046 1382 1053 ’

185 1135 260 1193 libus
279 1133 340 1190 suis
356 1133 385 1191 in
399 1131 592 1192 familiaritate
610 1133 832 1210 anteposuerit,
855 1149 950 1210 neque
967 1132 1047 1211 prius
1071 1151 1136 1192 enm
1152 1153 1169 1196 a
1186 1154 1220 1195 se
1239 1135 1284 1196 di·

185 1218 307 1293 miserit,
326 1234 409 1294 quam
425 1217 455 1275 in
471 1215 612 1276 doctrinis
629 1224 710 1276 tanto
726 1217 887 1276 antecessit
901 1215 1130 1295 condiscipulos,
1148 1228 1181 1278 ut
1191 1220 1282 1282 iacilc

184 1301 318 1378 intellegi
336 1309 451 1380 posset,
469 1303 531 1379 pari
549 1300 637 1360 modo
652 1309 855 1380 superaturum
871 1318 971 1360 omnes
989 1303 1019 1360 in
1032 1303 1140 1362 ceteris
1156 1304 1284 1366 artibus:

151 1397 167 1448 3
185 1387 283 1466 Atque
299 1385 371 1445 haec
391 1385 426 1446 ad
449 1393 576 1445 nostram
599 1384 838 1445 consuetudinem
859 1393 925 1445 sunt
944 1385 1022 1446 levia
1046 1394 1077 1446 et
1094 1389 1192 1466 potius
1209 1407 1280 1449 con-

150 1469 353 1537 ttemnenda;
375 1478 404 1528 at
424 1472 454 1528 in
479 1469 601 1530 Graecia
621 1473 721 1548 utique
745 1469 814 1529 olim
834 1487 956 1547 magnae
977 1470 1054 1531 laudi
1071 1481 1162 1532 erant.
1194 1472 1282 1533 Post-

185 1574 270 1634 quam
288 1553 419 1633 ephebus
443 1562 490 1614 est
515 1550 608 1614 iactus
623 1562 653 1614 et
668 1553 834 1632 palaestrae
854 1554 924 1614 dare
945 1571 1064 1632 operam
1083 1558 1199 1636 coepit,
1220 1576 1282 1618 non

185 1650 242 1700 tarn
263 1639 461 1717 magnitudine
479 1639 584 1698 virium
599 1640 722 1700 servivit
744 1656 828 1716 quarn
850 1637 1010 1699 velocitati.
1044 1639 1126 1700 lllam
1147 1643 1224 1701 enim
1244 1642 1282 1703 ad

184 1725 359 1784 athletarum
374 1742 473 1807 usum,
498 1723 571 1783 hauc
593 1724 628 1784 ad
649 1723 720 1784 belli
737 1722 922 1784 existimabat
943 1722 1097 1783 utilitatem
1117 1727 1280 1804 pertinere.

148 1826 165 1876 5
184 1810 286 1888 ltaque
308 1808 505 1869 exercebatur
520 1808 673 1888 plurimum
688 1807 832 1869 currendo
849 1815 878 1868 et
893 1806 1029 1867 luctando
1047 1808 1083 1868 ad
1098 1828 1164 1869 eum
1181 1811 1281 1889 finem,

183 1895 280 1972 quoad
302 1901 382 1953 stans
404 1892 559 1972 complecti
583 1902 688 1972 posset
707 1901 795 1972 atque
813 1891 1004 1953 contendere.
1040 1892 1073 1953 lu
1094 1896 1181 1954 armis
1202 1899 1279 1970 iero

183 1979 337 2057 plurimum
357 1976 442 2037 studii
460 1978 658 2037 consumebat.
1205 2045 1206 2048 Ἴ

247 2063 275 2123 3.
292 2061 338 2121 ad
352 2061 426 2120 hanc
440 2063 576 2140 corporis
592 2063 755 2122 firmitatem
769 2061 852 2140 plura
870 2062 957 2121 etiam
979 2062 1063 2121 animi
1085 2062 1161 2123 bona
1179 2081 1280 2124 acces·

186 2155 294 2207 serant.
327 2144 398 2205 Erat
412 2147 488 2205 enim
502 2146 664 2224 modestus,
683 2145 823 2226 prudens,
841 2147 951 2223 gravis,
968 2146 1149 2225 temporibus
1164 2149 1281 2229 sapien·

216 2351 246 2410 2,
261 2351 285 2402 1.
313 2347 405 2400 Natus
422 2347 462 2399 ist
472 2346 611 2415 Particip,
626 2363 661 2400 zu
673 2365 715 2399 re·
775 2347 885 2400 servivit
897 2346 950 2399 wie
963 2345 1056 2400 Them.
1067 2349 1279 2414 l‚3diliacntiua

179 2420 257 2472 lictus
270 2415 325 2468 und
337 2416 458 2470 eruditus
472 2417 590 2484 arganza
600 2427 648 2472 cst.
740 2417 831 2469 amicis
843 2420 986 2484 famaeque
996 2417 1124 2470 seruiens.
1145 2476 1148 2491 ⁸

181 2526 183 2530 1
213 2489 392 2557 praediximus
405 2486 432 2539 d.
446 2485 465 2537 i.
480 2503 533 2555 quo
547 2503 607 2540 enm
622 2492 715 2539 natum
775 2489 801 2539 5.
842 2487 1015 2539 exercebatur
1037 2487 1181 2540 ubersetne
1207 2488 1280 2540 nach

178 2559 304 2610 diximus.
318 2586 352 2594 -
364 2559 475 2610 honesto
488 2556 658 2622 ‚,acbtbar“.
739 2557 860 2610 eruditus
875 2565 916 2609 est
929 2554 1022 2609 Them.
1036 2558 1083 2623 10,
1098 2559 1122 2607 1.
1258 2621 1260 2625 ι

210 2645 318 2697 pauper
336 2628 391 2679 ium
412 2645 430 2678 a
449 2628 595 2680 maioribus
617 2625 716 2694 gehdrt
774 2625 1280 2693 adcumjiaempuoad„soweitalu“

178 2713 329 2750 zusammen
350 2712 429 2761 „arm
444 2696 529 2747 achon
545 2713 599 2747 von
617 2696 713 2748 seiuen
739 2693 835 2762 gehdrt
853 2710 906 2746 nur
924 2711 958 2746 au
976 2696 1112 2749 luctando.
1137 2722 1169 2733 ·-
1189 2703 1278 2762 swas,

178 2768 323 2819 Vordltern
349 2765 433 2826 her“,
457 2781 487 2815 so
512 2764 575 2816 dass
600 2764 713 2817 Armntb
740 2763 788 2815 der
818 2763 990 2832 Ringkampi
1022 2763 1125 2832 puegte
1160 2764 1279 2817 nimlich

176 2853 232 2886 von
247 2836 325 2902 jebet
340 2834 369 2883 in
395 2832 486 2883 seiuer
506 2833 620 2885 Familie
644 2835 715 2886 iort-
739 2833 808 2885 auch
821 2833 894 2884 dann
908 2833 977 2884 noch
987 2834 1153 2901 iortgesetat
1165 2850 1278 2886 nuwer-

176 2905 268 2967 erbte3
282 2904 403 2967 relictus,
418 2918 433 2951 a
448 2908 536 2967 patre.
739 2902 807 2965 den,
821 2919 902 2955 wenn
911 2902 955 2953 die
965 2902 1068 2970 Ringer
1080 2918 1114 2954 zu
1124 2902 1217 2955 Boden
1229 2919 1278 2970 ge-

210 2981 240 3025 nt
253 2971 453 3036 („wie“)ncmc
463 2971 608 3023 Thebanus
619 2973 712 3038 anapia,
738 2973 822 3024 fallen
834 2988 937 3033 waren,
952 2972 1009 3023 also
1022 2973 1056 3023 im
1069 2971 1182 3038 Liegen.
1195 2971 1277 3024 Danu

176 3059 233 3092 was
252 3041 290 3091 ist
311 3056 345 3090 zu
362 3040 521 3104 ergdnzen?
545 3057 622 3093 acmo
640 3042 714 3093 steht
738 3043 804 3093 aber
823 3040 964 3092 entechied
977 3041 1099 3109 weniger
1111 3041 1156 3093 die
1170 3041 1276 3094 Behen-

176 3111 220 3162 bei
238 3110 410 3170 Perennem,
428 3109 577 3162 besouders
589 3113 655 3162 aber
668 3111 713 3163 bei
739 3109 845 3178 diglreit
855 3110 894 3162 als
906 3110 950 3162 die
964 3109 1175 3176 Kdrperstdrke.

176 3179 375 3231 Vbllcernamen
389 3179 429 3230 oft
442 3178 631 3247 adjectis-isch.
772 3182 801 3232 in
814 3182 896 3232 armis
917 3180 991 3245 „aui
1000 3179 1274 3246 Waffendbungeu“.

211 3252 234 3298 2.
260 3249 456 3317 Pplbaporcum
477 3249 582 3312 „einen
603 3249 713 3301 Anhdn·
771 3247 885 3300 Welche
910 3248 1017 3301 Punkte
1039 3249 1088 3300 der
1110 3249 1209 3316 obigen
1229 3250 1276 3301 In-

175 3334 225 3384 ger
247 3316 295 3370 des
315 3318 519 3384 Pythagoram,
544 3319 620 3372 eines
640 3320 713 3385 grie·
738 3316 917 3384 haltsangabe
932 3318 995 3370 sind
1013 3319 1048 3370 im
1061 3320 1088 3369 2.
1104 3317 1214 3387 Capitel
1229 3320 1276 3371 be-

112 3430 114 3433 .
175 3386 303 3437 chinchen
329 3387 525 3454 Philosopben,
555 3389 660 3440 der'im
686 3391 712 3442 6.
737 3387 891 3457 sprochen?

174 3455 266 3509 Jahrb.
283 3472 309 3505 v.
329 3456 392 3509 oct.
410 3456 492 3508 recte.
772 3459 844 3521 3,1.
866 3457 946 3509 eram
957 3453 1027 3506 aean
1041 3454 1240 3523 Comparativt
1252 3473 1274 3508 ι.
1364 3437 1368 3443 ’

208 3527 254 3577 cui
264 3527 381 3593 qnidam,
395 3542 417 3575 a.
435 3542 469 3576 zu
483 3526 531 3579 Ar.
547 3529 577 3591 l,
592 3528 617 3578 3.
736 3542 770 3577 zu
782 3525 877 3577 Tbem.
893 3529 923 3582 4,
936 3527 961 3576 5.

189 3597 311 3656 ,trbtcsn
323 3594 474 3660 „diister“.
770 3597 875 3660 prauis,
895 3592 940 3644 die
960 3592 1124 3660 Bedeutung
1147 3593 1274 3645 eninim'm

208 3665 238 3714 in
253 3665 382 3715 doctrinis
398 3663 456 3715 hier
470 3663 534 3726 „die
547 3664 711 3733 philosophi·
737 3679 785 3716 aus
797 3664 920 3730 prauitas
930 3663 1015 3714 Paua.
1028 3667 1060 3724 4,
1071 3663 1098 3714 3.

173 3733 257 3784 seben
272 3731 540 3784 wissenschaften“.
770 3733 933 3801 temporibus
943 3732 996 3784 wie
1005 3730 1064 3789 Alc.
1076 3734 1100 3793 l,
1108 3731 1133 3784 3.
1144 3759 1176 3768 -
1184 3739 1274 3799 amna,

207 3804 233 3855 3.
251 3801 420 3863 adhier‚‚im
436 3802 687 3854 Verhiiltniaszu“.
737 3801 785 3854 das
807 3801 938 3870 Partieip.
964 3802 1059 3857 Praes.
1084 3799 1133 3851 mit
1151 3818 1211 3853 aum
1227 3802 1275 3854 be-

208 3872 415 3936 contemnenda,
428 3872 464 3922 im
475 3873 507 3923 D.
520 3871 563 3923 ein
573 3871 710 3938 adjectiv.
736 3871 862 3923 zeichnet
872 3871 917 3923 die
929 3871 1021 3922 Dauer
1034 3871 1110 3922 eines
1120 3869 1274 3922 Zostandes

207 3942 232 3994 3.
265 3943 394 4011 ephebus,
417 3935 536 4008 ἔφηβος,
565 3941 638 3993 hiesu
662 3940 711 3992 der
737 3941 802 3993 oder
829 3941 907 3993 einer
936 3939 1130 4006 Eigenscbaft.
1171 3939 1274 3992 Wollte

172 4009 306 4078 Jiingling
320 4018 392 4063 etwa
402 4027 463 4062 vom
476 4012 518 4063 18.
532 4010 573 4061 bis
587 4028 610 4062 a.
629 4013 671 4064 20.
683 4011 709 4063 J.
736 4028 796 4062 man
820 4010 902 4064 daher
920 4009 966 4062 fuir
982 4018 1042 4062 crat
1059 4017 1152 4074 amna,
1170 4011 1274 4078 ferm,
