2850 4604
473 297 549 390 nu.
573 333 781 391 mammosa
800 329 924 390 osma.
1200 322 1240 394 li

158 488 213 554 ille
240 490 392 559 lacrimans
420 493 507 560 talem
534 494 771 561 benevolentiam
794 498 900 561 civium
920 511 1038 558 suorum
1060 497 1240 578 accipiebat;

157 578 305 638 reminisci
320 580 438 657 pristini
454 581 598 659 temporis
613 581 810 643 acerbitatem.
848 580 1005 662 Postquam
1023 584 1053 643 in
1067 592 1133 644 astu
1148 585 1240 662 veuit,
1258 601 1275 649 4

158 663 301 723 concione
317 663 456 725 advocata
473 664 517 725 sic
532 664 622 725 verba
637 665 719 742 iecit,
735 674 766 726 ut
781 683 866 729 nemo
881 667 1032 732 temlerus
1048 667 1153 746 luerit,
1171 671 1241 746 quin

159 747 223 811 aius
235 747 498 812 casuillacrimarit
513 750 715 827 inimicumque
727 751 763 810 iis
776 770 809 812 se
825 750 1000 829 ostenderit,
1017 752 1138 830 quorum
1148 771 1241 831 opera

156 832 249 909 patria
265 832 366 910 pulsus
384 833 495 909 iuerat,
523 832 646 912 proinde
667 852 701 893 ac
717 835 742 893 si
757 835 831 895 alius
847 835 987 914 populus,
1009 853 1068 896 non
1090 836 1141 897 ille
1162 838 1240 916 ipsc,

157 917 205 994 qui
224 925 282 976 tum
301 916 407 995 ilebat,
434 937 499 982 cum
524 917 672 994 sacrilegii
695 917 867 981 damnasset.
908 918 1056 982 Restituta
1077 939 1152 999 ergo
1174 920 1274 983 buico

155 1007 222 1060 sunt
245 1001 362 1079 publice
385 1002 479 1080 bona,
505 1001 658 1080 eidemque
684 1002 727 1063 illi
741 1002 934 1082 Eumolpidae
953 1003 1123 1065 sacerdotes
1141 1023 1240 1067 rursus

156 1102 313 1146 resacrare·
327 1094 394 1146 sunt
410 1087 515 1164 coacti,
530 1087 579 1166 qui
598 1105 663 1148 eum
680 1087 871 1165 micuerant,
888 1087 1025 1168 pilaeque
1039 1088 1120 1168 illae,
1136 1089 1166 1149 in
1180 1091 1241 1168 qui·

156 1167 211 1229 bus
227 1168 348 1230 devotio
365 1170 462 1232 luerat
478 1173 598 1249 scripta,
616 1172 645 1230 in
663 1189 742 1233 mare
757 1172 976 1251 praecipitatae.

218 1288 247 1346 7.
268 1285 349 1347 llaec
364 1287 509 1348 Alcibiadi
525 1287 637 1349 laetitia
658 1287 717 1350 non
733 1290 817 1351 nimis
836 1291 891 1350 luit
906 1290 1047 1351 diuturna.
1083 1289 1155 1352 Nam
1178 1309 1241 1352 cum

156 1371 183 1430 ei
209 1388 310 1431 omnes
332 1381 433 1432 essent
457 1372 588 1433 honores
610 1372 722 1434 decreti
745 1382 866 1454 totaque
882 1375 1049 1453 respublica
1063 1375 1139 1436 domi
1155 1375 1240 1437 belli-

155 1473 212 1534 que
235 1454 356 1534 tradita,
379 1465 410 1516 ut
422 1458 504 1524 unius
522 1453 832 1537 arbitrio'gercretur,
849 1468 880 1521 et
903 1460 968 1538 lpse
984 1456 1183 1539 postulasset,
1208 1470 1239 1522 ut

155 1538 213 1599 duo
231 1541 286 1600 sibi
301 1540 438 1618 collegae
452 1541 606 1620 darentur,
627 1541 827 1621 Thrasybulus
846 1552 876 1604 et
890 1542 1078 1622 Adimantus,
1099 1547 1195 1624 nequ'e
1210 1545 1240 1605 id
1316 1554 1338 1587 ·.

154 1633 290 1703 negatum
313 1634 411 1686 esset:
438 1625 534 1687 classe
562 1628 591 1686 in
614 1626 714 1709 Asiam
734 1628 903 1708 proiectus,
931 1628 1009 1708 quod
1031 1627 1106 1708 apud
1129 1628 1239 1710 Cymen

153 1710 246 1768 minus
262 1728 300 1769 ex
318 1711 463 1770 sententia
481 1729 543 1783 rem
557 1721 709 1791 gesserat,
726 1713 755 1772 in
772 1714 908 1787 inuidiam
922 1710 1035 1773 recidit.
1066 1711 1145 1772 Nihil
1163 1714 1239 1772 enim
1256 1722 1273 1772 2

155 1810 220 1852 eum
235 1811 292 1854 non
312 1795 432 1855 eiliccre
447 1812 538 1874 posse
556 1795 711 1856 ducebant·
740 1794 786 1856 llx
802 1813 860 1875 quo
876 1796 976 1873 tiebat,
993 1803 1023 1855 ut
1041 1797 1136 1856 omnia
1146 1795 1238 1856 minus

154 1895 300 1957 prospere
318 1888 403 1957 gesta
418 1879 521 1959 culpae
539 1876 805 1958 tribuerent,'cum
825 1889 874 1942 aut
897 1897 961 1940 eum
976 1879 1174 1959 neglegenter
1189 1888 1239 1940 aut
1285 1902 1289 1923 ’-

153 1961 299 2023 malitiose
315 1965 423 2024 iecisse
438 1963 646 2042 loquerentur;
670 1966 746 2025 sicut
760 1974 819 2025 tum
835 1964 947 2026 accidit.
983 1963 1055 2025 Nam
1072 1972 1240 2043 corruptum

154 2064 170 2106 a
193 2066 268 2125 rege
290 2065 398 2127 capere
419 2047 530 2124 Cymen
552 2048 683 2123 noluisse
703 2050 872 2127 arguebant.
908 2047 1010 2127 ltaque
1034 2049 1101 2109 lruic
1116 2049 1239 2110 maxine
1257 2058 1273 2109 3
1296 2071 1298 2075 ·

101 2125 109 2138 ‘
155 2139 285 2210 putamus
308 2132 384 2193 malo
410 2134 503 2193 luisse
529 2134 642 2193 nimiam
662 2135 837 2214 opinionem
864 2134 975 2213 ingenii
1003 2142 1090 2212 atque
1114 2133 1238 2194 virtutis.

153 2214 323 2277 'l'imebntur
340 2219 426 2296 euim,
442 2225 500 2279 non
514 2219 607 2278 minus
621 2236 704 2297 quam
721 2219 915 2296 diligebatur,
931 2237 968 2280 nc
982 2217 1108 2280 secunda
1123 2218 1239 2279 fortuna

152 2303 322 2380 magnisque
346 2296 451 2381 opibus
473 2301 567 2364 clatus
589 2303 767 2380 tyrannidem
784 2305 1018 2382 concupisceret.
1057 2299 1169 2374 Quibus
1193 2321 1239 2362 rc·
1336 2340 1339 2345 .
1396 2305 1400 2314 '

153 2385 208 2446 bus
230 2386 419 2465 factumest,
442 2394 472 2447 ut
494 2387 608 2448 absenti
630 2389 828 2466 magistratum
853 2385 1031 2464 abrogarent
1053 2395 1083 2448 et
1103 2387 1189 2450 alium
1209 2387 1239 2445 in
1252 2401 1290 2443 roc

153 2471 217 2530 eiurs
233 2470 329 2531 locum
346 2472 568 2532 substituerent.
604 2470 637 2532 ld
653 2472 705 2533 ille
726 2481 757 2532 ut
779 2471 904 2546 audivit,
927 2471 1042 2530 domum
1057 2472 1168 2532 reverti
1186 2487 1238 2529 no·
1255 2480 1273 2528 4

153 2554 222 2633 luit,
248 2564 278 2616 at
305 2575 338 2617 se
356 2553 487 2636 Pactien
505 2552 628 2616 contulit
642 2557 743 2636 ibique
761 2557 815 2617 tria
834 2554 956 2616 castella
971 2555 1154 2633 communiit,
1169 2553 1240 2614 Bor·

153 2773 179 2828 d.
194 2774 221 2831 b.
237 2774 354 2842 uberali,
373 2792 416 2828 wo
434 2792 464 2828 er
476 2773 594 2829 voriiber
616 2775 684 2845 kam,
710 2775 863 2844 gegeben“,
874 2772 964 2827 indam
982 2772 1041 2826 sein
1055 2770 1180 2826 Einfluss
1193 2770 1241 2825 Al-

152 2844 208 2897 uud
226 2861 280 2898 von
297 2846 375 2901 allam
395 2844 483 2910 Volk3
503 2862 560 2899 was
575 2845 684 2898 ireilich
710 2845 748 2898 les
767 2845 905 2912 irberwog.

152 2914 224 2968 wolrl
242 2913 416 2968 ribertrieben
433 2913 480 2967 ist.
742 2933 776 2968 eac
801 2913 936 2967 cententio
967 2910 1060 2980 „nach
1088 2907 1240 2975 Wuasclr“,

186 2985 329 3048 reminisci,
348 2985 377 3038 in
396 2984 535 3039 lebbaiten
558 2982 682 3036 Sobilde-
708 2983 787 3040 niml.
812 2984 860 3036 der
881 2981 1019 3048 Athener;
1044 2997 1098 3033 rent
1119 2987 1242 3046 praeerat

151 3071 257 3122 rungen
287 3053 360 3106 steht
389 3053 523 3107 zumeilea
550 3054 598 3106 der
624 3052 679 3105 Ins.
705 3076 741 3102 =
758 3057 941 3122 pugnaverat.
959 3051 1070 3104 Ebcuso
1088 3052 1120 3115 8,
1138 3051 1165 3102 o.
1223 3093 1226 3098 .

75 3158 83 3168 ι
152 3124 248 3177 Praes.
267 3129 337 3177 stati
359 3122 407 3176 des
426 3122 540 3178 indicat.
558 3123 605 3177 des
627 3122 679 3175 Im·
741 3125 770 3176 in
789 3123 931 3188 inuidiam,
947 3139 969 3175 s.
989 3136 1024 3173 zu
1040 3118 1109 3177 Cim.
1125 3120 1160 3181 3,
1179 3119 1202 3173 l.

152 3194 224 3262 peri.
245 3193 288 3247 od.
303 3193 351 3247 des
365 3193 459 3247 histor.
475 3193 610 3250 Praesens
621 3192 682 3273 (Iu-
741 3214 766 3262 2,
784 3203 861 3262 Napai
874 3225 930 3261 m„
960 3204 1053 3276 „Alpes
1080 3203 1150 3257 olm,
1171 3204 1241 3261 Aug.

151 3263 275 3317 finitivns
292 3263 463 3330 historicus).
486 3263 570 3316 Dicae
586 3263 683 3315 Worte
708 3278 830 3344 mmo,
847 3280 976 3346 mum
994 3293 1083 3344 „eque
1100 3276 1239 3340 panorm,

151 3333 293 3387 entbalten
311 3332 364 3386 den
383 3332 480 3386 Gruud
500 3332 593 3386 seiner
609 3330 684 3384 Ran-
743 3349 853 3416 cuppae,
870 3347 927 3400 3130
941 3344 1016 3400 nicht
1029 3346 1088 3398 dem
1102 3343 1240 3468 Unplfiek.

150 3420 230 3525 ¹¹¹⁰?
267 3426 269 3431 ’
341 3470 511 3528 nnn
542 3473 566 3525 1.
708 3419 933 3540 ‘ld‘mll'
1017 3413 1164 3536 litia.
1177 3414 1242 3536 ui

186 3476 453 3606 dcszztlbllvelsstbfiml.
475 3509 635 3594 Da’tiviorm.
708 3493 894 3611 &gaggam
907 3503 941 3540 en
968 3501 1030 3538 vom
1212 3501 1228 3541 θ

184 3610 304 3681 proinde
321 3627 353 3662 oc
374 3611 400 3663 si
424 3617 483 3677 cot,
510 3610 683 3680 Bemerkuug
745 3646 762 3680 a
781 3643 856 3692 reae,
875 3623 1128 3692 ,‚211Mpst‚7‚3,
1167 3600 1169 3604 ’

151 3682 198 3735 des
214 3679 319 3749 Nepos.
575 3703 578 3708 ·

187 3749 322 3817 sacrilegii
338 3747 457 3818 „Frevel
470 3764 511 3802 am
525 3746 684 3818 Heiligeu“.
743 3711 768 3764 3'
797 3711 907 3764 nimiam
939 3711 1090 3780 ‘mmm
1123 3708 1240 3776 ''nami‘'
1328 3741 1331 3744 ’

710 3780 788 3835 nimi.
806 3778 928 3833 Andercr
949 3798 1024 3847 „von
1038 3780 1131 3837 asinar
1145 3776 1240 3847 geisti-

185 3839 211 3893 5·
224 3837 345 3905 publice,
358 3852 381 3893 ⁸·
396 3850 431 3889 Ν
445 3834 537 3890 Thffl·
553 3837 630 3903 8,.5.
708 3868 762 3920 gen
780 3849 984 3918 Beliilrigung“.
1002 3879 1039 3889 -
1056 3849 1165 3902 (tonstr.
1184 3862 1240 3899 non

184 3909 301 3975 serapia,
321 3923 377 3960 was
390 3909 420 3970 4,
438 3905 455 3958 ⁶
471 3905 598 3972 anesum,
611 3921 634 3960 ι·
649 3920 684 3959 zu
708 3922 797 3975 menas
815 3921 885 3974 eam
902 3930 982 3988 quaa
1006 3921 1179 3986 coactatur,
1205 3917 1240 3970 a·

151 3975 233 4035 PW·
254 3977 282 4040 1,
302 3976 328 4032 ³·
463 4028 468 4038 .
707 3991 841 4058 metator,
868 4007 903 4043 nc
936 3997 984 4044 cet.
1015 3988 1153 4057 („mau“).
1185 3984 1242 4039 lter
1348 4045 1350 4048 y

187 4063 216 4132 l,
235 4065 259 4118 1.
283 4063 385 4119 tradito
408 4061 457 4132 „in
484 4061 561 4116 aciae
588 4059 684 4116 Macltt
707 4060 850 4130 Haupttou
868 4059 938 4128 liegt
953 4059 1003 4113 aui
1018 4059 1168 4114 liniebatur.
