2850 4604
441 324 541 396 xiim.
571 346 750 397 naumann
774 347 849 397 car.
868 343 911 398 12.
1156 337 1215 398 147

129 503 275 594 praesidia
298 522 331 563 se
345 501 528 579 recepisset,
552 517 625 578 qnae
649 502 678 561 in
699 501 832 578 proximo
849 501 937 583 litqre
959 510 1042 562 erant
1062 501 1213 590 collpcu'ta.

128 587 272 666 Reliquae
293 587 491 664 Pergamenae
510 602 604 644 naves
627 603 690 645 cum
709 586 894 646 adversarios
919 596 1088 665 premerent
1108 589 1250 668 acrius,5

128 681 253 752 repente
275 674 304 732 in
328 689 378 733 eas
394 687 462 730 vasa
477 669 591 746 fictilia,
614 669 649 730 de
672 670 775 748 quibus
791 689 878 749 supra
892 673 1068 731 mentionem
1082 673 1215 752 fecimus,
1286 726 1292 733 .
1309 703 1315 713 ·

128 759 232 818 coniici
250 765 355 836 coepta
373 762 447 814 suut.
479 751 560 826 Quae
576 757 649 814 iacta
666 756 749 814 initio
767 756 855 815 risum
876 757 1069 834 pugnantibus
1087 759 1214 818 concita·

127 851 211 920 runt,
227 860 339 921 neque,
354 857 442 919 quare
460 838 489 898 id
506 839 607 916 lieret,
632 847 748 917 poterat
771 838 912 917 intellegi.
944 839 1100 920 Postquam
1121 851 1251 921 autemg

129 945 218 987 naves
239 926 400 1005 completas
422 931 639 1002 conspexerunt
665 924 867 1003 serpentibus,
901 941 977 984 nova
999 944 1032 985 rc
1052 927 1215 1006 perterriti,

127 1028 200 1090 cum,
217 1012 285 1090 quid
301 1009 483 1090 potissimum
498 1009 634 1088 vitarent,
657 1025 715 1067 non
734 1007 886 1086 viderent,
911 1026 1024 1088 puppes
1046 1018 1215 1087 averterunt

128 1113 220 1174 seque
237 1095 272 1156 ad
288 1113 339 1155 sua
354 1101 449 1154 castra
468 1094 580 1152 nautica
595 1093 766 1153 retulerunt.
789 1093 838 1153 Sic
849 1091 990 1154 Hannibal
1001 1095 1125 1156 consilio
1138 1113 1215 1156 arma
1233 1117 1249 1167 ‘l

126 1179 371 1258 Pergamenorum
387 1177 553 1255 superarit;
577 1195 673 1256 neque
695 1185 753 1236 tum
771 1177 881 1256 solum,
904 1178 957 1238 sed
974 1196 1064 1258 saepe
1078 1180 1149 1240 alias
1164 1199 1215 1260 pc·

126 1264 275 1324 destribus
291 1265 385 1342 copiis
403 1263 465 1340 pari
482 1262 634 1340 prudentia
650 1261 763 1340 pepulit
776 1262 970 1323 adversarios.

191 1350 239 1409 12.
259 1346 341 1420 Quae
358 1348 423 1408 dum
438 1347 468 1406 in
482 1346 554 1406 Asia
569 1355 727 1424 geruntur,
749 1347 853 1408 accidit
871 1365 958 1425 casu,
981 1357 1013 1408 ut
1034 1348 1124 1427 legati
1145 1287 1232 1463 Pru-2
1264 1282 1275 1389 ¹

126 1433 188 1493 siae
205 1433 317 1493 Romae
333 1431 408 1511 apud
421 1429 451 1490 L.
472 1428 617 1503 Quintium
632 1430 821 1492 Flamininum
842 1432 1024 1492 consularem
1045 1442 1216 1514 coenarent,

20 1520 23 1524 “
127 1526 214 1596 atque
232 1518 272 1578 ibi
296 1517 332 1577 de
350 1515 510 1578 Hannibale
532 1518 680 1608 menstqqe
701 1518 776 1576 lacta
793 1535 832 1577 ex
851 1517 895 1576 bis
911 1535 984 1577 unus
1000 1517 1128 1598 diceret,
1151 1518 1217 1591 cum

126 1603 154 1661 iu
169 1602 289 1663 Prusiae
304 1618 399 1680 rcgno
418 1618 494 1662 esse.
526 1601 558 1661 ld
573 1609 697 1680 postero
718 1600 765 1661 die
779 1601 955 1662 Flamininus
975 1603 1087 1662 senatui
1103 1603 1215 1702 deiHHi·
1233 1631 1249 1681 2

125 1686 227 1748 Patres
249 1687 427 1784 conscripg,
450 1688 498 1764 qni
516 1685 676 1746 Hannibale
698 1687 766 1745 vivo
785 1704 936 1764 numquam
959 1704 992 1745 sc
1014 1687 1078 1747 siue
1101 1686 1214 1747 insidiis

125 1772 239 1832 iuturos
257 1773 475 1847 existimarent,
495 1771 610 1848 legatos
631 1773 660 1829 in
683 1769 844 1847 Bithyniam
858 1771 1015 1849 miserunt,
1037 1772 1066 1830 in
1088 1771 1133 1832 his
1149 1771 1213 1832 Fla·

124 1857 278 1934 mininum,
308 1836 510 1934 qnffibiege
533 1863 687 1934 peterent,
711 1873 747 1915 nc
768 1855 993 1914 inimicissimum
1014 1873 1094 1915 suum
1116 1875 1215 1916 secum

125 1939 259 2018 haberet,
283 1940 399 2018 sibique
420 1939 551 1999 dederet.
581 1938 632 2000 His
647 1938 749 1998 Prusia
763 1957 872 2017 negare
888 1957 975 1999 ausus
991 1957 1050 2016 nou
1066 1948 1127 2008 est;
1144 1939 1214 2001 illud
1232 1968 1248 2021 3

113 2023 273 2102 recusavit
282 2068 291 2103 ,
307 2043 345 2084 ne
359 2024 387 2085 id
405 2042 467 2084 asc
483 2024 546 2084 lieri
562 2023 762 2102 postularent,
785 2023 863 2102 quod
878 2022 1018 2084 adversus
1033 2025 1077 2085 ius
1094 2025 1214 2105 hospitii

127 2118 227 2169 esset:
244 2110 313 2188 ipsi,
330 2111 353 2170 si
370 2117 503 2188 possent,
518 2107 814 2187 comprehenderent;
832 2108 937 2186 locum,
953 2109 1001 2168 ubi
1019 2118 1111 2187 esset,
1127 2110 1214 2172 facile

15 2267 22 2273 ·
125 2195 305 2254 inventuros.
335 2192 478 2253 Hannibal
493 2195 569 2252 enim
585 2210 640 2253 uno
656 2193 723 2253 loco
742 2212 775 2253 sc
792 2194 922 2270 tenebat,
941 2195 969 2252 in
984 2194 1121 2273 castello,
1137 2196 1214 2274 quod

125 2280 185 2338 eia
206 2276 279 2356 ffige
295 2279 391 2339 datum
408 2286 471 2339 erat
486 2279 613 2346 muneri;
640 2280 727 2357 idque
751 2280 794 2338 sic
816 2278 997 2356 aedificarat,
1018 2287 1050 2338 ut
1074 2280 1103 2339 in
1126 2281 1215 2341 omni·
1253 2312 1255 2317 ⁴

125 2363 179 2422 bus
199 2363 331 2442 partibus
345 2363 430 2423 aedifi
450 2364 468 2422 ii
486 2364 582 2444 exitus
598 2362 738 2440 baberet,
760 2363 873 2444 scilicet
890 2381 996 2423 verens
1014 2382 1051 2423 ne
1067 2382 1120 2424 usu
1134 2366 1215 2424 veui·

125 2457 183 2524 ret,
206 2448 284 2526 quod
298 2382 506 2592 acciditpluc
527 2442 590 2508 cum
611 2446 700 2526 legati
717 2447 913 2507 Romanorum
929 2449 1081 2507 venissent
1095 2466 1129 2508 ac
1143 2449 1214 2509 mul·
1231 2475 1248 2525 4

126 2532 248 2591 titudine
269 2532 383 2593 domum
424 2551 468 2592 ms
489 2532 764 2612 circumdedissent,
789 2550 862 2612 puer
881 2532 916 2591 ab
932 2533 1015 2591 ianua
1028 2534 1213 2611 prospiciens

968 2608 999 2625 ⁹
1105 2619 1146 2646 a

155 2678 379 2751 praesidiumue
410 2682 527 2735 nacblrer
559 2693 651 2738 costra
684 2683 737 2734 wie
757 2683 850 2735 Thero.
869 2687 900 2750 7,
918 2684 935 2735 6
953 2683 1000 2752 qui
1017 2683 1046 2735 id
1060 2684 1152 2752 potius
1170 2685 1213 2737 in·

122 2753 244 2805 nautica.
627 2791 630 2796 -
684 2761 835 2806 tuerentur.
851 2782 886 2792 -
901 2752 1057 2805 Hannibale
1068 2756 1138 2820 vinu,
1157 2755 1211 2822 vgl.

158 2826 183 2876 5.
202 2825 278 2888 Quae
292 2823 363 2875 iactu
379 2821 447 2889 „das
460 2821 573 2874 Werfen
590 2821 650 2874 der·
684 2825 839 2875 Alexandro
857 2824 918 2875 uiuo
936 2821 1016 2877 Eum.
1034 2827 1061 2890 4,
1078 2827 1103 2876 4.

123 2893 248 2946 selben“.
719 2893 914 2958 Flamininum,
934 2892 1011 2944 niclrt
1028 2892 1082 2945 den
1101 2894 1213 2947 vorbcr·

157 2964 184 3014 u.
208 2978 314 3031 puppes
339 2967 509 3026 auerterunt,
539 2958 650 3028 cigenti.
685 2964 826 3032 gebendcn
841 2963 884 3025 L„
897 2963 1016 3015 eundern
1030 2963 1128 3020 dasem
1142 2964 1213 3017 Bru-

123 3031 183 3100 „sie
205 3032 317 3084 lenkten
341 3028 584 3084 dieHiutertireile
602 3029 651 3081 der
686 3036 734 3085 der
750 3033 784 3087 T.
808 3031 940 3096 Quintius
958 3032 1136 3085 Flamininus.
1209 3052 1213 3058 ·
1275 3094 1278 3098 .

118 3100 275 3169 ,Sciriffesq
286 3101 348 3153 daea
359 3100 466 3153 siesiclr
477 3115 537 3151 vom
546 3098 652 3164 Feinde
719 3120 808 3171 aecum
825 3103 935 3156 baberet
951 3102 1004 3156 mie
1020 3102 1091 3155 Dion
1112 3107 1138 3169 4,
1160 3106 1183 3165 1,.
1288 3160 1291 3166 ,

122 3170 301 3224 entiernten“
330 3170 356 3224 d.
379 3170 397 3221 i.
427 3169 488 3237 „sie
510 3175 650 3222 steuerten
718 3173 821 3241 cibique
838 3173 956 3245 dederet,
983 3189 1039 3225 was
1058 3171 1095 3225 isi
1121 3173 1219 3238 bierzu-¹
1266 3172 1269 3176 ’

122 3241 211 3308 wcg“.
248 3241 293 3324 N..
306 3246 370 3306 sagt
392 3241 458 3292 aber
483 3238 542 3291 dies
565 3239 650 3292 durcb
685 3258 734 3294 aus
749 3260 784 3295 nc
802 3258 836 3294 zu
853 3242 1035 3294 entneHmeni
1052 3258 1074 3295 a.
1089 3259 1123 3295 au
1134 3243 1213 3296 Eum.

120 3309 650 3446 tttti?’wtttltdltddttttd
683 3312 744 3435 op
762 3320 1042 3434 lauditiae
1057 3378 1135 3435 aaa.
1149 3383 1174 3448 ι,
1190 3383 1216 3435 1.

84 3485 91 3490 -
122 3465 165 3500 wo
184 3448 245 3499 sich
262 3447 311 3500 das
324 3448 423 3499 Steuer
441 3447 570 3514 beiindct,
585 3449 649 3515 jede
717 3468 818 3518 negare
831 3450 1137 3503 hierohnebeatimmtes
1147 3451 1211 3520 Obj.

122 3518 271 3584 Wenduug
288 3516 335 3570 des
356 3516 474 3569 Sclriffes
493 3520 619 3585 ausgelrt.
684 3519 1212 3591 ‚,eincabscbliigigeAntwortgeben“.

157 3595 249 3641 castra
272 3589 397 3656 nautica,
428 3587 546 3639 daruiber
568 3603 591 3638 s·-
615 3591 649 3640 zu
717 3610 751 3645 ne
770 3591 840 3643 nach
860 3609 954 3644 recuso
978 3591 1030 3644 wie
1050 3593 1119 3644 uach
1137 3593 1212 3645 odito

121 3658 181 3713 Alc.
197 3659 229 3722 8,
248 3659 274 3710 5.
683 3663 755 3716 mitt.
775 3661 799 3726 3,
819 3663 843 3714 5.
857 3691 892 3700 -
909 3665 980 3730 quod
996 3661 1033 3713 ist
1051 3661 1099 3712 das
1118 3659 1208 3714 Relat.

157 3725 369 3796 7.'pcdeetriiue
385 3727 478 3795 copiis,
490 3725 526 3777 im
539 3727 649 3794 Gogcn-
718 3732 984 3799 comprehenderent,
1006 3731 1050 3784 aiu
1073 3730 1213 3797 Conjuuc·

121 3804 181 3852 satu
199 3814 233 3849 zu
252 3794 345 3851 alnisio
364 3800 415 3850 wic
430 3798 491 3850 Alo.
509 3797 541 3863 8,
559 3800 585 3848 2.
683 3805 725 3858 tiu
743 3802 795 3854 wic
814 3817 882 3871 opus
899 3804 1022 3867 facerent
1034 3800 1127 3853 Th'em.
1142 3803 1169 3863 6,
1184 3803 1211 3855 5.

158 3870 255 3936 12,1.
279 3870 455 3931 consularem,
473 3884 497 3918 s.
517 3882 551 3918 zu
568 3871 599 3931 4,
618 3873 645 3920 4.
682 3907 717 3917 -
742 3872 849 3924 Wouon
880 3871 965 3940 bingt
992 3873 1040 3926 der
1061 3870 1142 3923 Infin.
1169 3871 1211 3923 in-

77 3968 80 3973 ,
155 3942 181 3994 2.
212 3941 307 4006 Patres
332 3939 478 4009 conscripti
503 3936 590 3991 soviel
608 3940 648 3992 ale
682 3950 809 4002 uenturos
827 3943 882 3996 ab?

120 4013 271 4068 senatores.
717 4029 772 4069 usu
793 4017 896 4070 ueniret
913 4011 965 4066 wic
984 4011 1041 4067 Alc.
1060 4014 1092 4074 4,
1106 4010 1136 4064 b.

157 4080 256 4149 qui-
274 4076 475 4147 existimarent,
507 4075 551 4132 ein
581 4077 648 4134 Saia
707 4091 742 4163 4,
762 4099 832 4154 puer
849 4083 934 4138 beisat
947 4085 989 4136 oft
1007 4079 1211 4152 „einSclcve“,
1258 4117 1259 4120 =

943 4171 1008 4240 10²¹*
