2850 4604
361 397 369 405 ,
450 339 524 395 vuu,
558 333 807 392 uuaasuuuuus
829 337 946 393 cauo.
1197 329 1240 395 55

159 520 261 565 eorum
283 499 404 580 vellent,
419 518 483 561 oum
498 498 601 579 quibus
617 473 646 561 iu
663 499 784 579 gratiam
802 500 926 562 reditum
941 508 1003 563 erat
1019 500 1155 582 publice,
1171 518 1238 582 pro·
1254 535 1260 540 -

51 663 57 674 ,
158 585 252 649 hibuit
268 594 298 647 et
313 586 352 664 id,
370 585 446 664 quod
462 585 608 665 pollicitus
625 593 698 663 crat,
714 586 869 664 praestitit.
993 589 995 593 ’
1066 590 1068 596 ’

220 674 251 734 4.
274 670 346 731 lluic
369 688 422 750 pro
446 673 532 732 tantis
546 672 659 732 meritis
673 669 795 731 honoris
813 687 922 731 corona
940 689 956 731 a
972 671 1081 751 populo
1099 671 1164 734 data
1180 681 1237 750 est,

99 821 101 825 f
158 757 233 819 laeta
249 755 358 817 duabus
374 755 495 833 virgulis
512 755 673 833 oleaginis;
700 772 784 834 quam
806 755 882 834 quod
904 773 985 818 amor
1006 757 1111 817 civium
1132 766 1162 819 et
1178 775 1238 818 non

158 843 202 902 vis
225 849 433 919 expresserat,
462 839 567 901 nullam
592 840 692 901 habuit
712 840 846 900 invidiam
868 858 1029 919 magnaque
1053 843 1107 902 luit
1132 842 1235 919 gloria.

156 926 238 988 Bene
261 943 335 1003 ergo
357 924 488 988 Pittacus
512 924 581 1003 ille,
607 926 655 1003 qui
680 933 794 1003 septem
812 925 973 1003 sapientum
994 927 1024 985 in
1049 944 1169 988 numero
1192 932 1271 988 esta

158 1011 284 1086 habitus,
303 1028 366 1070 eum
380 1008 549 1088 Mytilenaei
566 1009 654 1070 multa
673 1008 751 1069 milia
766 1010 898 1086 iugerum
919 1011 946 1070 ci
971 1012 1033 1087 agri
1055 1028 1172 1073 munera
1192 1012 1238 1072 da·
1303 1057 1305 1062 ,

157 1104 234 1173 rent,
250 1093 374 1171 ‘Nolite,
391 1112 444 1173 oro
458 1099 525 1155 vos'
540 1095 643 1173 inquit,
660 1093 700 1154 ud
715 1092 782 1154 mihi
798 1092 879 1172 dare,
898 1094 974 1173 quod
987 1096 1067 1156 multi
1080 1095 1238 1172 invideant,
1349 1132 1359 1153 .

157 1180 256 1260 plures
277 1180 362 1240 etiam
383 1180 597 1258 concupiscant.
642 1175 739 1250 Quare
771 1197 810 1238 ex
835 1180 899 1239 istis
922 1179 990 1241 nolo
1013 1181 1134 1260 amplius
1155 1199 1238 1260 quam

156 1273 271 1326 centum
290 1265 409 1340 iugera,
431 1282 506 1342 quae
530 1273 560 1325 ct
582 1281 674 1326 meam
694 1263 779 1324 animi
802 1265 978 1342 aequitatem
999 1274 1030 1326 et
1045 1274 1172 1326 vestram
1188 1283 1238 1326 vo·

106 1341 109 1346 ’
155 1348 296 1410 luntatem
316 1347 464 1409 indicent?
509 1348 581 1410 Nam
600 1366 688 1430 parva
708 1366 827 1411 munera
848 1348 975 1427 diutina,
996 1349 1156 1431 locupletia
1178 1367 1237 1410 non

155 1434 276 1512 propria
302 1451 370 1493 esse
392 1443 577 1494 consuerunt.
621 1434 674 1494 Illa
694 1433 784 1510 igitur
805 1451 915 1495 corona
937 1442 1090 1497 contentus
1113 1435 1271 1512 Thrasy-3

155 1518 240 1579 buius
260 1536 355 1596 neque
374 1518 495 1596 amplius
509 1520 663 1597 requisivit
682 1537 779 1598 aeque
794 1537 965 1598 quemquam
980 1515 1093 1582 honore
1108 1539 1142 1582 se
1157 1527 1237 1581 ante·

151 1604 284 1664 cessisse
301 1602 485 1663 existimavit.
528 1602 581 1664 Hic
599 1604 733 1683 sequenti
753 1612 886 1682 tempore
901 1622 963 1665 cum
979 1614 1098 1684 praetor
1113 1604 1238 1666 classem
1254 1613 1271 1661 4

44 1754 47 1759 ,
155 1687 190 1747 ad
208 1684 337 1748 Ciliciam
352 1687 530 1766 appulisset,
548 1707 644 1768 neque
659 1688 730 1748 satis
744 1687 901 1766 diligenter
918 1690 946 1748 in
965 1692 1069 1750 castris
1090 1692 1153 1750 eius
1169 1707 1237 1766 age·

154 1779 256 1834 rentur
272 1771 408 1849 vigiliae,
432 1791 447 1831 a
465 1773 613 1850 barbaris,
636 1791 673 1835 ex
696 1772 805 1851 oppido
820 1781 908 1833 noctu
921 1775 1075 1852 eruptione
1090 1774 1191 1852 lacta,
1207 1774 1237 1833 in
1250 1792 1288 1834 auo

157 1856 344 1918 tabernaculo
362 1857 535 1919 interfectus
548 1866 605 1919 est.

189 2026 216 2080 3.
235 2042 294 2078 cum
311 2025 421 2093 quibua,
440 2041 462 2077 e.
472 2039 507 2076 uu
520 2023 592 2078 Milt.
612 2025 641 2092 l,
657 2028 683 2078 2.
709 2024 770 2089 apri
783 2022 869 2092 hange
884 2025 960 2078 nicht
972 2014 1026 2077 von
1039 2042 1152 2079 munera
1166 2023 1239 2095 (‚,ale

188 2095 302 2147 reditum
321 2101 381 2148 erat
396 2109 477 2161 „man
488 2094 556 2162 -“;
579 2095 684 2164 publice
709 2092 893 2163 Geachenh“),
913 2095 1030 2149 eundern
1045 2112 1100 2147 von
1118 2096 1238 2163 luperam

153 2164 206 2217 wie
223 2163 317 2215 Them.
333 2164 364 2223 8,
380 2165 407 2215 5.
709 2164 752 2219 ab.

188 2236 220 2297 d,
236 2235 259 2285 1.
272 2233 382 2286 honoris
394 2248 507 2300 corona,
522 2232 557 2285 im
566 2233 599 2284 D.
609 2232 683 2286 kann
744 2233 809 2287 Noli
825 2233 873 2285 mit
883 2232 941 2285 dem
954 2234 1036 2287 Infin.
1052 2233 1129 2287 client
1142 2235 1184 2286 oft
1198 2233 1238 2287 als

153 2319 215 2355 man
233 2301 275 2354 oft
290 2318 337 2355 aus
355 2303 413 2354 dem
431 2302 573 2358 Sabetant.
588 2319 613 2358 u.
630 2304 683 2354 sei·
708 2303 859 2355 mildernde
878 2302 1097 2371 Umachreihung
1111 2303 1159 2357 dee
1170 2304 1237 2373 Imp.

153 2390 203 2424 uer
233 2370 391 2440 Beilrigung
423 2370 467 2423 ein
500 2372 684 2442 compositum
709 2374 757 2424 mit
774 2390 817 2428 ne.

152 2440 255 2494 bilden.
278 2471 313 2480 -
340 2443 418 2508 facta
445 2440 484 2493 ist
511 2441 570 2494 blos
598 2441 684 2494 durch
744 2443 773 2494 id
789 2441 816 2494 d.
838 2439 857 2492 i.
876 2444 960 2492 etwas
986 2441 1152 2508 derartigea3
1176 2442 1237 2494 des-

153 2512 214 2563 eiue
234 2511 349 2579 Pripos.
367 2508 601 2578 wiederzugeben.
709 2511 772 2563 halb
797 2510 888 2576 fulgen
917 2509 952 2560 im
982 2509 1170 2563 Relativsctze
1193 2511 1237 2562 die

187 2597 267 2650 quam
285 2581 356 2649 quod
370 2602 406 2628 ==
424 2585 452 2630 et
471 2580 543 2648 quod
567 2597 632 2632 earn.
649 2608 683 2617 —-
709 2579 893 2647 Conjunctive
919 2580 1058 2633 invideant
1083 2609 1115 2618 -
1139 2596 1238 2640 concu-

152 2663 227 2703 amor
251 2651 362 2714 ciuium,
393 2647 488 2700 Gemit.
514 2647 682 2715 obiectivus,
707 2651 827 2720 piscant,
847 2665 870 2700 s.
889 2664 922 2699 zu
942 2647 1013 2702 Mili.
1035 2650 1064 2715 3,
1083 2652 1099 2700 2
1117 2650 1237 2702 cuicre-

151 2720 247 2785 „aeine
275 2717 624 2786 Bdrgcrlreundlichkeit“.
649 2747 682 2756 -
708 2722 825 2774 deretur.
844 2747 878 2756 -
894 2719 986 2787 plures
1007 2720 1087 2772 eliam
1101 2718 1154 2772 wie
1176 2717 1236 2774 Alc.

152 2798 179 2843 et
197 2804 253 2843 nan
266 2790 320 2854 oie,
336 2805 416 2841 wenn
426 2787 534 2852 uuidar
544 2788 682 2857 Negatiou
707 2792 739 2857 3,
758 2791 784 2839 4.

152 2859 196 2910 ein
220 2857 387 2911 besonderer
411 2857 579 2910 Nachdruolr
603 2859 681 2925 ruht,
742 2874 811 2926 quae
829 2857 959 2918 indicent,
977 2856 1022 2909 ein
1039 2856 1105 2909 Satn
1122 2856 1174 2909 wie
1192 2857 1239 2925 qui

151 2926 682 2996 besonderabeiGegensitzen,soateht
708 2929 879 2981 consulerent
905 2925 975 2977 Mitt.
997 2928 1023 2995 l,
1048 2930 1073 2981 2,
1098 2955 1132 2965 —
1154 2926 1238 2980 animi

151 3006 177 3051 et
195 3013 251 3050 non
269 3003 303 3051 st.
322 3014 381 3049 nec.
401 3026 434 3035 —
452 2999 599 3066 exprimere
623 2997 683 3050 hier
709 2997 869 3065 aequitatem
887 2995 1202 3064 „genu”1gsamenSinn“.

150 3065 350 3135 „abdring'en“.
743 3066 817 3119 Nam
830 3084 920 3133 parua
939 3073 988 3118 cet.
1015 3064 1168 3118 Hierdurch
1189 3065 1237 3117 be-

186 3136 280 3191 tatuit
293 3151 368 3201 „war
388 3153 417 3188 er
431 3135 492 3204 (der
503 3135 608 3204 Krane)
623 3153 683 3188 ver-
708 3134 828 3201 griindet
852 3134 888 3189 N.
913 3134 972 3186 sein
996 3135 1091 3203 obiges
1113 3134 1237 3187 Urtheil:

150 3206 259 3259 bunden
288 3204 336 3256 mit
353 3206 423 3268 —1“;
453 3223 603 3275 maenaque
627 3207 683 3270 suit
709 3206 782 3256 Beue
801 3221 863 3269 erqo
880 3204 1012 3257 Pittacus.

49 3317 55 3321 .
152 3277 238 3342 pluria
256 3273 356 3343 (Abla),
373 3291 451 3342 „war
467 3277 530 3327 sehr
547 3277 682 3327 ruhmvoll
740 3274 856 3342 propriu
874 3272 1009 3340 „sicher“,
1029 3271 1161 3341 cigenti?

152 3345 307 3411 (liirihnl“.
742 3345 766 3394 3.
792 3343 876 3407 ipitur
900 3342 1000 3409 kniipit
1024 3359 1058 3394 an
1083 3341 1130 3393 die
1145 3340 1238 3392 unter-

186 3419 210 3467 2.
229 3414 351 3467 Pittacus
366 3428 415 3464 aur
428 3410 562 3480 Mytilene
574 3413 624 3465 auf
635 3412 683 3465 der
706 3410 843 3463 brochene
855 3411 1014 3478 Erzdhlung
1026 3411 1129 3463 wieder
1146 3427 1189 3463 an.
1204 3439 1239 3450 -

151 3482 225 3535 Ineel
244 3482 346 3535 Lesbos
361 3482 433 3534 lebte
452 3497 495 3533 um
513 3483 565 3535 600
577 3500 602 3534 v.
617 3482 679 3534 chr.
707 3498 863 3550 quemquam
877 3510 910 3518 -
924 3499 966 3548 ae,
979 3480 1094 3533 welches
1111 3481 1148 3532 ist
1166 3479 1237 3534 Sub-

151 3549 282 3605 Priidicat
299 3552 398 3619 inquit.
619 3614 621 3620 ,
703 3552 783 3619 jectl

186 3622 280 3673 haberi
289 3620 317 3671 in
329 3637 438 3673 numero
451 3620 543 3688 aliquo
557 3618 599 3670 od.
610 3618 681 3671 auch
741 3624 767 3672 4.
792 3620 900 3673 classem
923 3619 1074 3688 appulisset
1089 3618 1142 3670 wie
1162 3618 1235 3672 Mite.

150 3691 244 3745 haberi
254 3689 336 3741 allcin
347 3688 395 3740 mit
405 3691 434 3741 in
447 3707 471 3740 c.
485 3688 546 3740 Ahl.
559 3687 681 3753 „darun-
706 3692 735 3754 4,
753 3692 779 3741 2.

48 3805 54 3820 .
151 3770 195 3814 ter
213 3759 360 3826 gerechnet
376 3757 516 3810 werden“.
741 3776 774 3811 ecc
791 3757 903 3825 oppido,
923 3755 966 3808 die
981 3755 1062 3808 stadt
1080 3753 1236 3823 Aspendos,

185 3831 321 3897 iuuerunt,
344 3844 375 3879 ιο
398 3830 486 3880 luutet
509 3825 682 3895 regelmissig
697 3844 750 3885 jwo
774 3826 832 3879 dies
859 3826 991 3895 geachah,
1014 3825 1083 3891 liegt
1110 3823 1186 3908 nicht
1208 3822 1237 3874 in

151 3898 200 3952 der
220 3900 290 3952 Gen.
317 3897 393 3951 Plur.
421 3914 473 3950 von
497 3897 625 3963 iaperum.
648 3924 681 3934 -
708 3896 840 3960 Cilicien,
855 3896 973 3950 eundern
991 3896 1020 3948 in
1039 3893 1224 3962 Pamphylren.

596 4070 790 4080 *nn-.—
