2850 4604
453 349 500 399 vr.
532 347 714 401 uusuunau
736 347 811 399 our.
834 343 857 399 1.
1163 337 1203 400 37

120 510 261 572 vicesimo
278 525 353 569 anno
365 507 473 569 hellum
484 514 625 587 gerentes
639 507 805 568 confecisse
818 513 956 587 apparet;
976 505 1004 567 id
1019 525 1076 587 qna
1089 507 1205 573 ratione

110 601 296 656 consecutus
312 594 360 670 sit,
378 592 457 652 latet.
496 590 562 653 Non
587 592 662 654 enim
685 593 792 652 virtute
808 593 852 655 sui
868 593 1016 653 exercitus
1038 592 1093 653 sed
1106 593 1205 655 immo·
1222 599 1239 649 2

86 681 93 686 '
120 679 214 740 destia
227 677 333 753 lautum
348 685 394 738 est
410 676 660 754 adversariorum,
675 677 739 756 qui,
759 675 837 755 quod
852 675 931 739 dicto
947 676 1099 740 audientes
1115 679 1205 758 impe·
1290 692 1297 701 ·

119 763 267 824 ratorihus
290 763 350 823 suis
372 779 431 822 non
454 770 553 838 eraut,
582 761 716 841 dispalati
744 761 773 821 in
796 762 875 840 agris
899 760 1012 822 relictis
1031 762 1159 824 naribus
1175 763 1255 824 iures

119 848 245 909 hostium
261 854 405 908 venerunt
423 854 608 932 potestatem.
652 843 718 918 Quo
739 845 819 906 iacto
835 843 1034 909 Athenienses
1059 865 1094 909 se
1116 845 1205 909 Lace·
1218 861 1256 903 tor

119 932 278 995 daemoniis
296 930 477 992 dediderunt.
509 929 569 992 Hac
592 931 716 991 victoria
730 929 880 1007 Lysander
894 929 1006 1009 elatus,
1036 949 1100 993 oum
1120 939 1206 994 autea
1223 939 1239 995 3

120 1036 237 1098 semper
249 1017 389 1078 factiosus
406 1014 558 1095 audaxque
575 1016 693 1092 fuisset,
709 1015 753 1076 sic
768 1014 824 1076 sibi
840 1014 969 1092 indulsit,
987 1024 1018 1075 ut
1034 1016 1097 1077 eius
1114 1034 1206 1098 opera

120 1105 149 1164 in
163 1104 314 1164 maximum
328 1098 424 1160 odium
439 1098 580 1162 Graeciae
592 1098 816 1160 Lacedaemonii
832 1101 1029 1179 pervenerint.
1059 1099 1206 1163 Nemeum
1223 1113 1239 1162 4

119 1186 193 1248 hanc
210 1204 325 1247 causam
339 1182 561 1245 Lacedaemonii
577 1185 760 1246 dictitassent
780 1184 836 1245 sihi
857 1203 926 1246 esse
948 1181 1047 1263 belli,
1061 1195 1092 1245 ut
1112 1184 1206 1247 Athe·

119 1272 261 1341 niensium
278 1271 468 1349 impotentem
482 1269 707 1332 dominationem
722 1268 939 1348 refringerent,
959 1276 1112 1351 postquam
1130 1268 1206 1351 apud

120 1356 225 1434 Aegos
244 1355 349 1415 ilumen
368 1351 518 1430 Lysander
541 1355 644 1416 classis
667 1349 794 1415 hostium
812 1362 858 1415 est
880 1355 1007 1434 potitus,
1033 1354 1104 1417 nihil
1129 1354 1206 1417 aliud

118 1440 237 1502 molitus
253 1447 309 1517 est,
324 1455 408 1517 quam
419 1447 451 1498 ut
463 1456 563 1500 omnes
574 1439 709 1500 civitates
724 1439 754 1498 iu
768 1457 820 1500 sua
832 1446 950 1500 teneret
961 1447 1122 1519 potestate,
1141 1458 1206 1501 aum

118 1525 148 1586 id
163 1544 197 1586 se
214 1521 511 1586 Lacedaemoniorum
526 1542 612 1586 causa
623 1524 723 1585 lacere
740 1522 900 1585 simularet.
924 1522 1055 1604 Namque
1065 1524 1239 1606 undique,'5

119 1611 167 1689 qui
182 1608 404 1670 Atheniensium
422 1608 511 1669 rebus
530 1608 725 1687 studuissent,
744 1609 866 1687 eiectis,
889 1607 991 1670 decem
1006 1608 1160 1689 delegerat
1175 1611 1206 1671 in

119 1711 289 1773 unaquaque
319 1693 456 1771 civitate,
488 1694 593 1772 quibus
625 1711 762 1754 summum
791 1694 943 1773 imparium
968 1689 1222 1774 potestatemque

120 1781 244 1842 omnium
260 1795 358 1839 rerum
372 1779 577 1845 committeret.
622 1776 732 1839 llorum
754 1779 784 1839 in
800 1795 949 1839 numerum
970 1794 1056 1839 nemo
1072 1777 1205 1841 admitte·

118 1979 191 2033 Milt.
210 1983 242 2048 4,
266 1979 292 2033 1.
319 2006 354 2018 —·
379 1988 453 2033 recto
477 1990 503 2034 ct
525 1980 649 2033 vicesimo
674 1979 748 2032 daun
767 1994 801 2031 uu
817 1978 919 2033 aeincm
940 1978 1081 2034 Voriheile
1103 1996 1138 2034 nu
1158 1980 1205 2036 be·

118 2064 331 2119 unnc‚genuuer
341 2049 377 2102 im
391 2053 444 2119 27,
461 2050 495 2103 da
507 2049 649 2118 derKrieg
675 2055 790 2116 numen,
808 2048 1057 2118 ,‚rdnhesrichtig“.

118 2121 167 2174 4³1
183 2119 302 2188 begann.
708 2120 749 2173 sio
765 2118 816 2173 ridi
834 2121 946 2174 indulsit
962 2120 1065 2189 „nahnr
1083 2120 1142 2175 sich
1162 2138 1207 2175 so·

152 2191 281 2259 conficere
292 2187 398 2257 „udilig
410 2187 582 2258 auireiben“,
591 2204 648 2242 was
673 2188 729 2242 viel
744 2189 871 2243 heraus“.

117 2259 146 2312 in
158 2259 207 2312 der
217 2258 648 2326 Sculacutemziegenuusseuoo
709 2261 768 2314 eius
779 2276 861 2328 opero
875 2258 986 2327 „durch
994 2259 1054 2313 sein
1065 2260 1206 2329 Zuihun“,

117 2328 243 2397 geschah.
264 2327 358 2380 Ueher
375 2327 422 2381 dns
438 2328 567 2381 sehlende
578 2328 650 2381 Sub·
675 2329 718 2381 od.
741 2329 801 2382 blot
820 2329 931 2397 „durch
945 2329 1026 2382 ihn“.
1062 2329 1114 2383 Ost
1131 2330 1207 2384 kann

115 2401 173 2469 ject
189 2416 212 2455 s.
230 2414 264 2450 zu
279 2396 351 2451 Mili.
365 2398 396 2466 3,
411 2399 513 2467 deffici
525 2416 616 2468 porse.
674 2415 735 2451 man
749 2398 793 2450 die
806 2397 855 2450 mit
869 2397 956 2452 ciuem
973 2399 1070 2452 Genit.
1086 2400 1206 2454 verbun-

151 2470 230 2536 latct,
241 2468 398 2535 Gegensatn
413 2483 447 2519 uu
460 2477 583 2538 apparet.
612 2467 648 2523 N.
674 2468 762 2521 denen
778 2466 919 2521 Ablativcr
938 2485 996 2537 ope,
1015 2487 1107 2538 opero,
1125 2470 1205 2523 auxi-

117 2535 353 2604 willsagenrseiu
362 2535 427 2603 Sieg
437 2535 504 2589 iiber
514 2537 558 2589 die
567 2536 649 2590 Athe-
673 2540 708 2590 lio
728 2553 780 2590 nur
804 2537 853 2589 mit
875 2536 996 2604 ‚‚durch‚
1018 2538 1208 2591 remittelst“

119 2623 168 2659 ner
195 2606 234 2660 ist
260 2605 398 2659 hehunnte
422 2604 478 2658 und
506 2606 700 2660 ellenburc-n.
717 2605 955 2675 uwieuergeben.
971 2635 1006 2644 -
1021 2609 1207 2678 pervenerint,

118 2675 287 2742 Thatsache3
302 2674 463 2728 unbekannt
476 2672 649 2743 dagegenhct
673 2694 695 2730 s.
709 2693 744 2730 zu
759 2676 932 2745 profligarint
947 2675 1020 2731 Mitt.
1040 2679 1071 2746 o,
1085 2678 1109 2731 5.

115 2748 214 2814 jenen,
227 2743 563 2800 dicihnirberVerdienst
594 2744 648 2798 rei·
708 2768 732 2815 4,
754 2779 813 2815 ,um
830 2760 889 2815 hp„
909 2779 933 2815 u,
952 2780 995 2816 ,m
1011 2761 1142 2818 schqum
1158 2762 1207 2816 qe,

116 2832 180 2883 sen,
202 2816 251 2867 aul
269 2813 370 2867 welche
391 2813 483 2898 Weise
504 2832 542 2898 er·
555 2763 648 2898 dfesqn
674 2835 700 2896 §-
720 2831 898 2899 „0b30q0nn’
918 2833 974 2900 ,gp
992 2832 1040 2890 Ar·
1060 2834 1126 2901 Μ
1147 2850 1207 2887 mm

117 2884 183 2952 ⁸3⁰ss
200 2884 374 2969 θῐΙθξΙὲΗῖθῐ·
410 2883 499 2938 Nffl'·
514 2885 592 2937 ΝΜ
605 2883 650 2936 ‘¹¹⁶
676 2902 759 2956 tontis
780 2902 860 2955 reduc
874 2903 1050 2971 praefuisset.
1070 2935 1105 2946 -
1129 2902 1207 2956 dicti·

117 2953 283 3024 Tupierhert
295 2970 387 3007 sennes
398 2953 516 3020 Heeres,
531 2953 649 3008 eundern
674 2978 779 3025 „mm
802 2987 852 3033 ‚w
873 2989 958 3041 „gen
975 2971 1131 3042 pflegqeuu.
1149 2989 1206 3026 ,m

117 3021 649 3091 diesehlechteKriegcuuchtderAthe·
675 3039 720 3093 ffir
736 3011 937 3094 ejn’vefbumq
1123 3010 1132 3040 ’

118 3110 168 3148 ¹¹⁰¹
181 3109 240 3148 '⁷⁸¹
253 3092 297 3146 ‘¹50
308 3092 440 3146 Ufflch‘·
708 3111 853 3180 impotens,
875 3110 923 3165 der
941 3102 1107 3165 sich'selbst
1130 3108 1208 3163 nicht

151 3182 177 3232 2.
197 3178 242 3232 sui
259 3177 332 3232 steht
348 3178 384 3231 im
402 3176 649 3232 nnchdriuckliclsem
673 3178 857 3232 beherrschen
878 3180 952 3235 kann
976 3181 1032 3233 und
1051 3179 1136 3234 duher
1157 3179 1207 3231 dus

117 3249 274 3316 Gegeuselz
289 3265 324 3300 nu
338 3250 574 3309 aduersariorum
586 3247 650 3301 dar·
674 3245 767 3302 Mauso
786 3247 994 3305 tiberschreitet.

116 3335 161 3371 nur
175 3317 342 3373 nichtiliiue.
368 3319 431 3387 Vgl.
446 3319 557 3385 cimil,
572 3320 584 3370 l
597 3334 648 3388 po·
708 3317 871 3372 construite
894 3319 947 3372 den
970 3316 1110 3373 Necmstz
1135 3316 1207 3371 beim

116 3396 157 3441 ter
171 3405 248 3442 succ·
672 3388 875 3441 Uebersetzens
891 3390 1046 3459 Lysander,
1062 3396 1206 3457 postquam

151 3456 314 3510 irnnrodcstiu
333 3458 375 3524 (v.
395 3455 502 3522 modus)
516 3455 648 3522 „Maam-
672 3487 706 3497 -
725 3463 766 3510 cet
784 3459 900 3527 potitus,
918 3459 988 3513 nihil
1008 3457 1085 3511 uliud
1099 3457 1205 3513 molitus

116 3527 162 3581 od.
187 3525 436 3592 Zuchtlosigkeit“.
474 3525 568 3579 Ucber
594 3525 647 3578 den
672 3536 719 3581 ert.
744 3525 801 3578 Der
816 3527 946 3597 Genitori
957 3526 1050 3598 potiri,
1067 3522 1205 3581 iusserim

116 3612 221 3665 genuen
231 3594 363 3664 Hergang
374 3594 429 3662 vgl.
443 3596 502 3648 Alc.
514 3597 540 3662 8,
553 3597 606 3648 itu.
621 3596 647 3649 o.
672 3613 763 3650 rerum
775 3597 873 3665 potiri,
892 3596 931 3652 ist
944 3595 1164 3666 ungewdhnlich.

152 3666 221 3719 dicto
244 3666 397 3719 audientem
414 3683 470 3718 erec
492 3665 589 3728 elicui,
609 3663 648 3717 ei·
692 3667 733 3719 ,5,
749 3666 868 3749 undiquc
881 3665 907 3720 d.
923 3667 942 3721 i.
957 3685 990 3720 ex
1002 3664 1126 3719 omnibus
1138 3665 1205 3719 civi·

115 3733 203 3802 gentl-
223 3775 241 3801 ‚,
251 3733 321 3787 aufe
340 3734 420 3786 Wort
434 3733 558 3803 folgen“,
574 3733 648 3787 deun
673 3735 790 3800 tatibus;
807 3737 903 3804 crectis,
915 3736 944 3789 in
956 3735 1077 3802 exilium,
1091 3734 1206 3804 Subjcct

114 3825 150 3851 =
172 3804 293 3858 obedire·
325 3803 406 3857 Dicto
428 3803 465 3856 iat
488 3803 579 3857 Ablut.
601 3803 650 3856 des
674 3804 737 3871 (iis)
756 3805 804 3873 qui
817 3806 993 3861 studuissent.
1008 3834 1029 3843 -
1062 3805 1141 3859 reduc
1154 3805 1204 3857 oli-

114 3872 337 3943 Beweggrnndec
372 3872 424 3927 wic
464 3874 568 3928 oraculi
606 3891 648 3927 rc·
673 3875 750 3927 cuiue
765 3876 873 3930 studere
883 3893 938 3944 „zu
949 3873 1093 3930 Jemuudes
1110 3872 1205 3926 Partei

114 3960 214 4014 sponso
226 3942 300 3997 Mili.
317 3945 341 4012 1,
352 3948 378 3997 4.
673 3943 827 4012 gehdren“.

184 4013 208 4066 3.
235 4014 384 4080 fnodorus,
408 4011 457 4065 der
478 4011 592 4081 geneigt
610 4012 649 4065 ic't
708 4016 804 4084 quidus
821 4013 1001 4079 committeret,
1016 4011 1061 4066 ein
1073 4011 1138 4079 Sata
1151 4009 1203 4067 wie

115 4081 303 4151 Parteiungen
324 4097 358 4136 zu
376 4082 475 4137 stilico
496 4082 553 4137 und
573 4080 648 4136 dieue
673 4082 809 4152 Themi,
824 4087 841 4139 2
859 4084 907 4155 qui
924 4101 979 4139 reru
991 4082 1170 4153 explorarent.
