2850 4604
214 359 270 441 22,
517 369 554 416 ιι.
593 363 857 416 rnuursrocuus
877 361 952 413 exe.
969 357 997 413 a.

214 528 291 609 quod
353 527 488 588 cietatem
510 545 574 587 oum
594 533 668 604 rege
685 524 777 585 Perse
799 523 835 584 ad
851 520 1000 583 Graeciam
1021 522 1239 603 opprimendam
1254 526 1299 587 le·

180 615 312 679 acisset.
376 631 411 674 oc
434 613 554 673 erimine
570 611 676 672 absens
698 609 872 690 proditionis
890 608 1036 668 damnatus
1052 589 1173 706 estfild
1195 618 1226 669 ut
1250 629 1298 671 au·

214 698 296 776 divit,
313 698 392 777 quod
407 715 465 758 non
483 699 554 772 satis
571 704 660 755 totum
676 693 768 755 sehr
788 695 814 767 is
832 692 965 770 videbat,
984 690 1143 775 Corcyram
1157 693 1300 773 demigra-

213 784 263 844 vit.
293 782 338 843 lhi
357 801 420 842 cum
435 784 499 843 eius
514 781 666 861 principes
679 713 931 841 animadvertisset
947 779 1061 856 timere,
1079 782 1253 865 neprppter
1264 801 1298 842 se

213 867 322 929 bellum
338 867 383 927 his
400 856 621 927 Lacedaemonii
639 872 669 924 et
682 863 881 925 Athenienses
897 862 1070 940 indicerent,
1085 860 1121 935 ad
1135 863 1298 943 Adfflom,

178 966 195 1015 4
212 951 373 1013 Molossum
387 970 501 1030 regem,
517 970 581 1012 cum
597 967 655 1030 quo
672 950 700 1010 ei
716 949 874 1029 hospitium
868 951 969 1024 erat,
978 948 1096 1026 coniugi
1109 946 1112 953 ’
1157 947 1220 1010 lluo
1233 968 1299 1011 cum

213 1038 364 1114 venisset,
387 1045 418 1096 et
440 1038 470 1096 in
490 1036 658 1116 praeseutia
672 1053 727 1095 rex
741 1034 882 1111 abesset,
901 1050 959 1112 quo
977 1034 1086 1094 maiore
1102 1052 1135 1094 re
1149 1035 1248 1112 igione
1264 1055 1298 1096 se

213 1129 365 1200 receptum
378 1129 529 1200 tueretur,
551 1120 637 1180 liliam
661 1121 724 1180 eius
740 1117 889 1198 parvulam
904 1119 1026 1197 arripuit
1041 1126 1149 1179 etcum
1166 1136 1249 1181 ease
1267 1122 1297 1180 in

94 1224 98 1233 ⁴
180 1258 184 1268 .
214 1206 382 1283 sacrarium,
398 1205 475 1285 quod
491 1223 598 1266 summa
613 1203 765 1265 colebatur
779 1202 964 1278 caerimonia,
980 1203 1114 1263 coniecit.
1152 1202 1223 1264 lnde
1239 1224 1298 1266 non

213 1292 295 1369 prius
312 1309 452 1369 egressus
468 1298 526 1369 est,
541 1309 624 1370 quam
637 1308 693 1349 rex
709 1306 774 1348 eum
788 1286 854 1346 data
868 1287 972 1348 dextra
985 1290 1015 1347 in
1029 1288 1115 1349 fidem
1131 1291 1297 1368 reciperet;

179 1397 196 1447 5
214 1393 297 1454 quam
319 1355 594 1453 praestitltffllam
618 1392 680 1434 cum
704 1372 739 1432 ab
761 1371 992 1432 Atheniensibus
1013 1382 1043 1433 et
1060 1371 1298 1435 Lacedaemoniis

215 1469 429 1538 exposceretur
444 1460 573 1539 publice,
588 1458 748 1539 supplicem
764 1475 824 1517 non
839 1456 966 1535 prodidit
983 1459 1170 1536 monuitque,
1184 1466 1216 1518 ut
1229 1477 1298 1520 con-

213 1543 328 1604 suleret
342 1543 421 1603 sihi:
447 1542 566 1605 difficile
584 1545 659 1603 enim
676 1561 755 1618 esse,
771 1543 801 1600 in
814 1549 871 1600 tam
889 1542 1054 1620 propinquo
1070 1542 1137 1603 loeo
1154 1550 1216 1604 tuto
1232 1563 1299 1604 eum

213 1629 354 1690 versari..
381 1628 484 1707 ltaque
506 1628 631 1705 Pydnam
654 1645 719 1687 eum
740 1626 842 1688 deduci
859 1627 944 1686 iussit
960 1634 1007 1703 et,
1031 1626 1108 1704 quod
1129 1629 1199 1688 satis
1216 1637 1298 1689 esset

177 1728 194 1779 6
213 1712 364 1791 praesidii,
380 1711 467 1773 dedit.
510 1712 564 1772 llic
587 1715 617 1772 in
641 1730 743 1772 navem
765 1710 897 1769 omnihus
912 1711 1031 1788 ignotus
1045 1713 1140 1770 nautis
1156 1712 1315 1827 escendit]

213 1793 297 1868 Quae
314 1815 378 1856 cum
395 1805 570 1876 tempestate
582 1798 704 1856 maxima
718 1793 830 1855 Naxum
845 1796 984 1871 lerretur,
1000 1795 1048 1854 uhi
1067 1804 1125 1855 tum
1137 1796 1298 1858 Athenien-

212 1881 286 1940 sium
302 1889 365 1941 erat
384 1884 545 1959 exercitus,
564 1882 657 1943 sensit
673 1879 943 1965 Themistoclesus‘
958 1896 998 1965 pp
1015 1882 1219 1959 pervenisset,
1241 1883 1298 1942 sihi

216 1984 284 2026 esse
300 1966 486 2043 pereundum.
530 1965 590 2027 Hac
604 1945 917 2026 necessitareh'oiilus
930 1899 1049 2024 ‘domino
1066 1965 1165 2043 navis,
1184 1968 1232 2044 qui
1247 1969 1297 2045 sit,
1333 2021 1352 2028 ⁴.

177 2067 193 2115 ι
211 2051 317 2127 aperit,
332 2050 420 2138 multa
434 2051 590 2129 pollicens,
606 2052 631 2109 si
648 2070 681 2110 se
697 2057 912 2110 conservasset.
949 2047 990 2107 At
1003 2048 1065 2126 ille,
1078 2048 1228 2111 clarissimi
1241 2053 1296 2111 viri

42 2177 54 2202 η
132 2174 134 2179 ,
210 2141 312 2211 captus
335 2135 555 2212 misericordia,
571 2134 658 2201 ¹diem
678 2142 852 2211 noctemque
877 2133 980 2212 procul
1006 2133 1041 2193 ab
1065 2133 1159 2194 insula
1179 2136 1209 2194 in
1233 2136 1296 2196 salo

210 2235 313 2276 navem
330 2220 422 2277 tenuit
436 2220 465 2278 in
480 2220 594 2279 ancoris
610 2236 707 2298 neque
723 2235 892 2296 quemquam
910 2236 947 2277 ex
970 2235 1004 2277 ea
1021 2219 1104 2277 exire
1120 2236 1223 2296 passus
1240 2228 1295 2280 est.

209 2300 280 2361 Inde
296 2300 442 2381 Ephesum
458 2305 594 2382 pervenit
609 2304 708 2382 ibique
725 2301 943 2362 Themistoclen
957 2303 1094 2386 exponit:
1110 2304 1156 2363 cui
1172 2303 1223 2364 ille
1240 2323 1295 2383 pro

210 2387 322 2446 meritis
339 2395 443 2465 postea
455 2389 577 2466 gratiam
594 2388 750 2472 retulitp

244 2589 293 2624 ree
311 2570 405 2625 Perseo
428 2572 515 2638 (Gen.
536 2572 581 2641 ae)
604 2577 673 2627 statt
691 2573 738 2626 des
764 2588 835 2638 eree,
858 2587 956 2622 wovon
979 2569 1137 2640 abhdngigl
1161 2588 1182 2622 s.
1200 2589 1235 2625 zu
1253 2573 1296 2626 iru-

136 2681 138 2683 .
208 2641 505 2710 gewdhnlieherenrea
520 2642 674 2708 Persarum,
686 2643 739 2696 wie
765 2647 842 2711 cepta
857 2643 992 2709 prospera
1010 2643 1111 2706 sutoro
1129 2640 1199 2695 Milt.
1218 2645 1247 2706 1,
1269 2646 1295 2698 3.

208 2715 234 2776 s.
252 2711 418 2764 3Moloaaae
436 2729 485 2763 rex
502 2716 535 2763 st.
548 2712 738 2765 Molossorum.
799 2711 967 2778 propinquo,
984 2726 1053 2762 wem
1071 2709 1161 2764 nahe?

243 2779 267 2831 3.
278 2780 738 2850 Hoeorirniae„Beschuldignng“‚
800 2781 872 2847 quod
887 2780 955 2832 satie
972 2788 1042 2833 esset
1056 2780 1189 2849 praesidii
1202 2780 1240 2834 ist
1254 2783 1294 2836 als

209 2848 261 2899 den
275 2847 366 2900 nolae.
378 2847 520 2902 dbersetae
531 2850 584 2904 wie
599 2851 670 2904 Milt.
686 2855 710 2920 7,
722 2856 739 2902 4
765 2848 896 2900 Gedanlxe
909 2847 957 2900 des
964 2848 1094 2902 Admetus
1109 2856 1193 2904 etwas
1210 2851 1296 2904 freier

207 2920 257 2971 ltoe
274 2934 415 2985 responso.
763 2917 1297 2984 soauszudriiclren=‚,weserenSchutz·

160 2994 162 2999 ’
221 2987 313 3052 ‘eiua
341 2986 488 3054 Corcyrae.
526 2989 559 3040 In
584 2988 661 3041 einer
683 2988 738 3042 Ite·
764 2988 857 3040 waehe
875 2986 921 3039 fiir
936 2987 1115 3042 hiureichend
1132 2989 1227 3046 hietr‘.

206 3055 304 3125 publilc
320 3054 383 3108 sind
396 3057 535 3129 principer
555 3056 633 3110 nicht
650 3059 737 3127 „Iidr-
799 3059 824 3111 6.
844 3059 1023 3124 pervenisset,
1042 3075 1063 3110 s.
1083 3075 1117 3111 zu
1132 3061 1160 3113 id
1175 3060 1200 3112 ri
1212 3061 1294 3125 secis-

207 3125 297 3178 steu“.
762 3136 823 3180 rent
834 3125 904 3178 Mitt.
917 3129 940 3192 1,
956 3128 979 3179 3.
992 3126 1200 3197 Ebeusogleioh
1212 3129 1295 3182 nach-
1359 3146 1362 3152 ·

241 3195 297 3260 ne,
325 3194 503 3263 Corcyraeis,
530 3212 587 3248 was
616 3212 666 3248 aue
691 3196 739 3249 der
764 3196 812 3250 her
828 3205 1020 3250 conservasset.
1296 3230 1298 3236 ·

206 3263 386 3330 Erwiihnuug
407 3265 543 3332 Corcyrae
568 3282 602 3318 zu
624 3268 739 3319 eutneh-
799 3267 844 3335 qui
861 3267 896 3317 sit
918 3265 942 3320 d.
963 3265 980 3317 i.
999 3282 1055 3318 was
1078 3265 1123 3317 fior
1146 3268 1189 3319 ein
1209 3267 1295 3320 Mena

207 3350 267 3385 men
282 3333 329 3389 ist.
764 3353 794 3388 er
808 3335 855 3388 sei.
981 3343 991 3355 ‘

241 3405 267 3455 4.
286 3404 315 3455 r'n
329 3403 579 3471 praesentiusue
592 3403 664 3456 Milt.
676 3409 700 3471 7,
711 3406 735 3457 6.
798 3407 822 3455 7.
843 3404 993 3469 clarissimi,
1009 3403 1061 3456 den
1073 3404 1120 3457 let.
1137 3405 1294 3474 Superlativ

241 3490 293 3541 quo
314 3471 367 3524 wie
391 3471 463 3524 Milt.
485 3474 518 3539 o,
542 3477 566 3528 1.
587 3503 623 3514 —-
645 3475 737 3540 retipio
762 3473 923 3527 bezeichnet
940 3490 1000 3526 mnu
1026 3473 1061 3526 im
1079 3474 1114 3526 Ι).
1140 3476 1182 3528 oft
1205 3474 1294 3528 durch

206 3540 265 3593 hier
307 3540 649 3610 „Gewisoeuheftigkeit“
688 3561 737 3596 aus
762 3543 814 3596 den
834 3542 941 3595 Positiv
960 3542 1008 3595 mit
1026 3545 1104 3610 „sc“.

206 3611 294 3664 Schen
313 3627 362 3662 vor
379 3610 431 3663 den
450 3612 581 3667 Gdttern.
796 3614 891 3680 calum,
907 3613 954 3664 das
970 3613 1048 3664 Mcer
1062 3614 1091 3665 in
1106 3613 1212 3682 einiger
1222 3612 1290 3668 Eut·

240 3681 405 3733 caerimonia
422 3679 666 3748 ,‚Fcierlichlreit“.
762 3684 916 3749 [ernuugv.
929 3682 978 3734 der
986 3681 1081 3754 Kdote,
1098 3684 1161 3751 „die
1171 3685 1293 3749 Rhede“,

205 3751 504 3873 Scdddutddddlhrddddgm
521 3756 622 3819 ”unm
640 3752 736 3805 seim
761 3752 1294 3892 imhgrddrddldozddnzueddirgtdoeg’rierhisehc

239 3907 320 3961 quara
334 3891 472 3958 praestitit
487 3908 523 3942 t:
541 3895 569 3943 et
588 3906 660 3958 eam,
684 3890 736 3942 wie
760 3884 947 3959 Eigenunmcn
966 3864 1016 3944 au's
1029 3911 1070 3957 er,
1096 3893 1140 3945 die
1161 3893 1294 3962 subrigens

207 3969 291 4013 unteu
309 3963 335 4024 S.
353 3963 367 4011 7
387 3961 431 4013 coi
447 3982 483 4006 =
501 3966 529 4012 et
543 3961 579 4016 ei.
762 3962 830 4014 nach
842 3961 892 4014 der
902 3963 928 4016 3.
942 3962 1019 4014 Decl.
1030 3962 1127 4030 gelren,
1139 3964 1232 4016 bilden
1245 3980 1293 4016 zu·

240 4032 266 4082 5.
282 4030 388 4099 pollice
403 4029 458 4098 „im
477 4030 582 4084 Nemea
600 4031 666 4083 oder
679 4046 735 4082 von
760 4031 858 4083 wellen
872 4032 924 4085 den
943 4031 1040 4084 Aecus.
1054 4033 1125 4084 nach
1138 4032 1186 4086 dor
1200 4040 1292 4087 ersten

207 4099 301 4152 Seiten
329 4099 376 4153 des
407 4099 545 4154 semare
571 4128 603 4140 -
626 4101 737 4170 difficile
761 4101 812 4155 anf
827 4118 870 4154 ea.
888 4100 1036 4171 Elbensotl,
1052 4105 1065 4156 l
1084 4104 1265 4158 Artaxerxen.
