2850 4604
266 331 307 394 60
551 357 556 365 ·
658 344 692 394 x.
727 342 815 396 oron
839 342 912 395 cae.
937 336 963 392 t.

265 500 399 648 scrifpsltu
420 498 490 563 illud
514 498 677 580 addubitat,
699 508 792 564 utrum
813 499 949 565 Tiribazo
976 499 1088 564 sciente
1110 517 1146 562 au
1167 497 1352 579 imprudente

265 588 304 649 sit
330 605 363 649 ae
378 604 431 650 um.

691 731 693 735 1
721 719 902 734 m

684 857 733 932 X.
779 855 937 933 DION.

330 1029 355 1088 1.
379 1027 492 1105 Dion,
514 1025 664 1105 Hipparini
680 1029 773 1105 lilius,
789 1027 1003 1105 Syracusanus,
1020 1026 1111 1087 nobili
1129 1044 1241 1104 genere
1257 1036 1352 1104 natus,

265 1120 388 1190 utraque
403 1110 565 1191 implicatus
582 1112 732 1188 tyrannide
751 1112 966 1189 Dionysiorum.
1002 1110 1132 1189 Namque
1146 1111 1198 1172 ille
1215 1114 1353 1190 superior

266 1194 502 1271 Aristomachen,
518 1213 652 1257 sororem
667 1195 780 1273 Dionis,
794 1196 894 1257 habuit
909 1198 938 1257 in
949 1197 1143 1273 matrimonio,
1159 1213 1197 1256 ex
1210 1213 1266 1274 qua
1279 1195 1353 1257 duos

266 1280 354 1358 lilios,
372 1280 560 1359 Hipparinum
578 1288 608 1340 et
622 1280 776 1358 Nisaeum,
801 1282 969 1359 procreavit
987 1279 1167 1358 totidemque
1187 1280 1279 1359 lilias,
1302 1298 1353 1341 no·

265 1367 342 1426 mine
363 1362 577 1443 Sophrosynen
602 1374 632 1425 et
651 1363 780 1427 Areten:
808 1373 926 1443 quarum
957 1365 1087 1443 priorem
1107 1363 1250 1441 Dionysio
1279 1365 1353 1441 lilio,

266 1450 372 1526 eidem,
388 1450 434 1508 cui
449 1466 570 1526 regnum
585 1448 714 1527 reliquit,
730 1459 847 1528 nuptum
863 1449 952 1526 dedit,
968 1448 1099 1525 alteram,
1116 1447 1239 1526 Areten,
1255 1448 1351 1509 Dioni.

232 1541 248 1590 2
266 1532 342 1593 Dion
364 1541 459 1593 autem
478 1542 596 1610 praeter
616 1533 744 1594 nobilem
769 1529 1014 1612 propinquitatem
1041 1551 1276 1611 generosamque
1290 1533 1353 1594 'ma-

265 1619 358 1678 iorum
380 1617 482 1676 lamam
503 1617 591 1678 multa
605 1617 661 1678 alia
677 1618 712 1678 ab
730 1627 830 1677 natura
852 1617 951 1678 babuit
972 1616 1066 1694 bona,
1088 1619 1117 1676 in
1138 1617 1183 1677 his
1206 1619 1354 1694 ingenium

265 1702 373 1780 docile,
388 1718 482 1777 come,
498 1709 593 1780 aptum
608 1701 643 1762 ad
661 1708 740 1763 a'rtes
762 1703 905 1780 optimas,
925 1718 1055 1778 magnam
1072 1703 1206 1780 corporis
1230 1700 1354 1779 dignita-

266 1798 342 1863 tem,
366 1803 440 1864 quae
459 1802 517 1845 non
531 1787 674 1846 minimum
688 1785 884 1863 commendat,
899 1803 1017 1863 magnas
1032 1794 1189 1864 praeterea
1205 1785 1320 1846 divitias
1338 1804 1354 1845 a

232 1889 248 1942 3
266 1879 350 1949 patre
366 1869 495 1946 relictas,
512 1887 583 1947 quas
599 1872 664 1950 lpse
681 1872 792 1948 tyranni
809 1870 975 1930 muneribus
991 1878 1120 1930 auxerat.
1150 1868 1222 1929 Erat
1236 1871 1352 1930 intimos

223 2027 229 2040 .
265 1955 408 2030 Dionysio
423 1955 526 2032 'priori
554 1973 649 2032 neque
674 1957 766 2015 minus
792 1963 916 2033 propter
941 1971 1039 2014 mores
1067 1972 1150 2032 quam
1176 1955 1352 2014 allinilatem.

264 2037 394 2116 Namque
409 2039 465 2096 etsi
481 2037 612 2114 Dionysii
630 2039 786 2100 crudelitas
803 2041 830 2098 ei
846 2038 1032 2117 displicebat,
1048 2047 1142 2098 tamen
1158 2038 1268 2098 salvum
1283 2057 1351 2117 pro·

265 2131 332 2200 pter
346 2119 603 2199 necessitudinem,
617 2125 708 2200 magis
726 2125 813 2183 etiam
828 2141 946 2183 suorum
963 2140 1049 2182 causa
1064 2122 1205 2182 studebat.
1241 2122 1353 2184 Aderat

265 2208 295 2264 in
309 2206 420 2282 magnis
448 2204 555 2282 rebus,
577 2208 700 2284 eiusque
721 2208 846 2267 consilio
869 2205 986 2266 multum
1007 2207 1179 2266 movebatur
1203 2214 1353 2284 tyrannos,

154 2342 157 2347 .
231 2290 321 2353 anisi
348 2306 403 2368 qua
423 2289 452 2347 in
475 2307 508 2348 re
530 2291 621 2349 maior
641 2291 732 2370 ipsius
756 2290 897 2369 cupiditas
919 2291 1138 2351 intercesserat.
1173 2285 1353 2368 Legationes

166 2379 168 2385 '
262 2390 336 2434 vero
352 2391 471 2451 omncs,
490 2391 564 2452 quae
581 2384 682 2436 essent
697 2375 890 2453 illustriores,
909 2393 964 2454 per
979 2374 1102 2435 Dionem
1117 2373 1354 2436 administraban-
1384 2370 1386 2373 ’

297 2573 796 2641 addubitat„willerzweifelhaltlas-
857 2583 928 2628 ortes
946 2575 1069 2644 optimae,
1089 2591 1164 2640 „was
1181 2575 1233 2628 wir
1246 2573 1354 2628 Kirnste

266 2646 342 2697 sen“.
366 2645 411 2696 Ad
430 2643 459 2694 in
485 2644 794 2712 Zosammeueetnungen
822 2644 877 2696 und
896 2643 1155 2696 wissenschaftem‘
1174 2661 1292 2697 neuneu.

263 2713 361 2769 drt'ickt
382 2712 513 2765 nuweilen
542 2713 586 2764 ein
617 2715 795 2782 Geneigteein
854 2730 980 2779 manum
1029 2716 1149 2783 corporis
1197 2714 1354 2779 dipnitntem

263 2800 323 2835 aus.
333 2809 369 2820 -
381 2783 482 2834 sciente
493 2797 531 2833 nn
548 2783 716 2851 imprudente
728 2784 796 2853 „mit
821 2784 903 2848 „eine
917 2782 979 2834 sehr
991 2782 1051 2835 edle
1062 2783 1303 2851 Kdrpergestalt“.
1319 2812 1353 2821 —

264 2851 330 2904 oder
349 2849 419 2902 ohne
430 2850 573 2904 Wiasen“.
821 2869 877 2904 non
892 2853 1035 2918 minimum,
1051 2852 1168 2905 Adverb.
1181 2867 1251 2918 „gar
1265 2851 1353 2918 sebr“,

274 2943 278 2947 ·
484 2954 567 2964 --
821 2938 843 2974 a.
861 2937 894 2972 au
912 2921 973 2975 Alc.
992 2925 1023 2987 4,
1045 2923 1057 2972 1
1074 2938 1160 2990 neque
1177 2923 1315 2987 ipnorans.

298 3004 325 3068 l,
346 3003 369 3052 1.
392 3008 474 3053 nctus
496 3001 546 3053 mit
568 3001 684 3064 blossern
704 3003 795 3057 Ablot.
855 3007 880 3059 3.
899 3004 1141 3072 nepneribersetae
1157 3006 1249 3059 wiein
1267 3024 1354 3075 neque

261 3069 457 3141 ,‚stammend“.
489 3071 581 3125 Notus
600 3087 626 3124 u.
645 3072 796 3141 implicatus
821 3076 861 3127 ita
889 3075 972 3126 mutto
1000 3075 1066 3131 Cim.
1095 3077 1126 3141 3,
1153 3082 1179 3131 4.
1208 3105 1242 3116 -
1266 3093 1353 3129 mores

263 3140 326 3194 sind
335 3139 527 3209 Erweiterung
536 3140 586 3193 der
594 3139 795 3211 Ueberaebriit,
821 3143 1023 3209 ‚‚Charakter“.
1033 3145 1105 3197 Eine
1115 3144 1353 3198 Charalrterachil-

261 3228 284 3264 a.
301 3227 335 3261 nu
346 3208 441 3260 Them.
457 3213 480 3274 1,
498 3212 520 3262 1.
536 3217 698 3279 —utroque
709 3213 795 3280 tmptt-
820 3213 926 3280 derung
947 3212 994 3265 des
1024 3214 1130 3267 biteren
1152 3215 1259 3282 Dionys
1277 3233 1299 3267 s.
1319 3215 1354 3267 de

228 3323 231 3330 .
265 3288 341 3332 catus
360 3279 502 3346 tyrannide
525 3279 594 3344 „mit
620 3279 669 3332 der
688 3281 794 3333 beider-
820 3298 876 3348 reg.
896 3286 928 3348 2,
947 3283 970 3331 2.

263 3347 382 3413 aeitigen
407 3347 574 3401 Herrscbalt
596 3347 644 3400 der
671 3349 795 3418 Dionyse
853 3351 976 3404 studebat
987 3351 1092 3404 odonna
1104 3350 1192 3418 (ease)
1210 3350 1354 3418 „rodnach-

263 3416 461 3471 verlloehten“.
820 3424 848 3472 te
872 3419 920 3472 ilrn
952 3419 1101 3473 erhelten“.
1126 3449 1160 3459 -
1183 3422 1262 3474 etium
1283 3421 1353 3473 beim

298 3487 342 3539 tlte
360 3486 412 3539 wie
429 3490 476 3540 Ar.
495 3489 554 3554 1‚2
571 3487 669 3540 testula
686 3488 740 3539 itta
761 3517 793 3525 -
821 3488 1017 3557 comparatio?
1041 3508 1063 3544 s.
1083 3507 1117 3540 zu
1134 3488 1228 3543 Them.
1249 3494 1283 3554 4,
1302 3494 1328 3543 5.

264 3555 700 3679 ipi'‘ll5lrl¹llll³0⁸eT¹iil'
718 3559 748 3622 ²'
768 3558 794 3613 ⁸·
819 3560 983 3679 ,llty‘p
1000 3558 1163 3678 millib
1176 3559 1355 3682 ”lidelmi

268 3642 552 3817 Ίζῒωθφῖαὶὶςῶὴοω
576 3664 734 3815 qlnn2nolua
756 3702 796 3748 eet
821 3645 1271 3819 efflari'paffezeasssgneemjnss‘ft
1289 3646 1344 3817 ἐξ

299 3780 417 3902 neam
432 3781 707 3906 dedit,ed¹.l·zu'l²aus.
726 3838 751 3900 2,
769 3834 794 3888 3.
855 3774 1123 3904 πὶἱῖωέρεὶαζποᾷ
1135 3783 1223 3888 vdelibus
1237 3785 1353 3900 1,.ιοῖηὲ

301 3920 326 3970 2.
352 3935 509 3984 penernram
532 3921 664 3973 maiorum
693 3922 796 3986 samm
821 3902 916 3972 eigene
932 3921 965 3957 zu
979 3904 1113 3972 michtige
1151 3904 1352 3960 eidenscheft“.

265 4003 296 4039 eo
308 3987 360 4042 viel
371 3989 411 4041 ala
420 3987 516 4040 famam
526 4005 718 4056 generosorum
730 3990 796 4057 (wie
856 3994 881 4045 4.
900 4008 963 4043 cero
980 3991 1033 4043 wie
1050 3991 1104 4058 Ep.
1132 3992 1163 4054 1,
1186 3993 1212 4043 2.
1230 4020 1266 4028 -
1283 4008 1354 4058 pune

266 4055 360 4110 Them.
379 4060 407 4122 1,
424 4056 454 4123 2)
472 4057 609 4112 maiorum.
717 4061 723 4070 '
822 4067 910 4114 eruent
928 4061 1087 4128 dinotrbrrea
1105 4058 1184 4126 („orit
1202 4059 1288 4114 eioem
1304 4077 1352 4128 ge-
