2850 4604
435 355 494 404 xx.
530 351 713 404 rrnonuon
735 351 811 404 eur.
833 349 861 404 4.
1131 336 1191 405 129

103 513 204 575 urbem
218 511 418 589 obsidendam,
431 507 649 571 alundamentls
662 511 793 581 disiecit;
804 520 903 572 cetera
915 511 1073 588 tyrannidis
1085 504 1192 592 propuss

102 597 225 675 gnaeula
242 597 397 657 demolitus
412 605 458 656 est
474 596 610 674 deditque
623 613 752 675 operam,
773 606 803 657 nt
816 614 898 676 quam
912 597 1027 657 minime
1041 596 1129 657 multa
1142 615 1191 656 ve·

102 683 190 760 stigio
204 683 355 742 servitutis
364 689 532 750 manerent„
544 678 615 739 Cum
627 682 713 741 tantis
726 689 807 740 esset
820 680 937 760 opibus,
950 689 981 740 ut
993 682 1079 740 etiarn
1091 683 1190 741 invitis
1208 689 1225 737 4

102 771 247 846 imperare
260 774 374 846 posset,
387 773 495 826 tantum
506 773 600 825 autem
613 782 740 825 amorem
751 764 874 826 baberet
888 765 1190 848 omniomSieulorum,

103 860 133 911 ut
153 851 233 911 nullo
249 859 404 911 recusante
421 868 542 929 regnum
559 851 710 911 obtinere:
734 848 833 915 maluit
846 869 879 910 se
895 850 977 927 diligi
996 867 1080 928 quam
1091 853 1188 911 metui.

101 935 215 1014 ltaque,
233 954 296 996 eum
312 935 434 1016 primum
448 937 559 1015 potuit,
578 936 728 1019 imperium
747 933 884 1012 deposuit
904 952 938 994 ae
960 937 1089 1013 privatus
1105 935 1191 1017 Syra-

101 1023 199 1100 eusis,
222 1020 299 1100 quod
320 1021 463 1099 reliquum
479 1021 556 1079 vitae
575 1019 646 1096 tuit,
664 1020 747 1079 vixit.
780 1018 884 1103 Neque
910 1036 983 1080 vero
1005 1018 1035 1080 id
1056 1021 1190 1097 imperite
1209 1027 1225 1077 5

101 1107 181 1166 ieoit.
211 1105 283 1166 Nam
304 1104 381 1184 quod
403 1106 496 1165 eeteri
518 1101 606 1182 reges
622 1106 744 1183 imperio
761 1111 930 1186 potuerunt,
951 1104 998 1164 bie
1012 1104 1191 1165 benevolen-

103 1193 141 1251 tia
158 1192 257 1250 tenuit.
285 1189 388 1249 Nullus
405 1188 500 1249 bonos
515 1188 581 1248 huie
599 1189 707 1266 deluit,
729 1207 826 1268 neque
841 1198 945 1268 postea
967 1208 1015 1249 res
1031 1189 1089 1250 ulla
1106 1189 1191 1266 Syra-

104 1277 182 1335 eusis
203 1283 289 1352 gesta
312 1281 358 1334 est
376 1273 511 1353 publice,
531 1272 567 1334 de
592 1292 647 1353 qua
663 1275 743 1353 prius
763 1277 800 1334 sit
817 1273 981 1352 dearetum,
996 1292 1079 1351 quarn
1096 1273 1191 1335 Timo-

103 1359 210 1419 leontis
234 1360 379 1419 senteutia
396 1360 523 1436 cognita.
563 1357 677 1418 Nullius
700 1376 829 1438 umquam
852 1358 1004 1419 eonsilium
1025 1376 1084 1418 non
1103 1358 1190 1431 modo
1208 1370 1226 1424 6

102 1443 273 1521 antelatum,
301 1442 407 1504 sedne
425 1451 620 1522 comparatum
642 1442 758 1527 quidem
773 1451 839 1504 est.
870 1441 974 1521 Neque
990 1443 1018 1504 id
1035 1446 1126 1522 magis
1141 1444 1193 1505 be·
1296 1503 1301 1509 ,

103 1529 270 1589 nevolentia
284 1529 390 1589 laetum
406 1537 451 1589 est
466 1546 548 1606 quam
563 1528 732 1610 prudentia..
1025 1537 1032 1553 ·

88 1619 91 1629 '
165 1617 195 1674 4.
211 1613 265 1672 Hie
276 1631 338 1674 euru
353 1621 450 1674 aetate
464 1610 519 1673 iarn
534 1621 692 1691 provectus
709 1620 802 1690 esset,
817 1613 880 1695 siue
892 1610 952 1672 ullo
965 1612 1068 1673 morbo
1086 1613 1191 1673 lumina

105 1698 254 1759 oeulorum
272 1699 373 1758 amisit.
406 1696 503 1770 ¹Quam
519 1697 709 1758 calamitatem
725 1700 765 1758 ita
780 1697 931 1757 modenule
946 1696 1028 1774 tulit,
1046 1705 1077 1756 ut
1094 1715 1191 1775 neque

102 1801 167 1843 eum
182 1791 354 1861 querentem
370 1776 520 1861 quisquam
534 1782 674 1860 audierit,
691 1800 784 1861 neque
801 1798 838 1841 eo
853 1783 945 1840 minus
959 1782 1081 1859 privatis
1097 1781 1191 1860 publi·

102 1871 206 1945 eisque
228 1867 317 1927 rebus
338 1867 521 1940 interfuerit,
546 1865 694 1927 Veniebat
718 1875 813 1926 alutem
834 1867 863 1924 in
885 1864 1044 1942 theatrum,
1067 1883 1131 1938 eum
1150 1867 1225 1926 thia

103 1951 257 2012 concilium
271 1950 372 2029 populi
388 1949 564 2029 baberetur,
582 1959 706 2030 propter
719 1949 916 2011 valetudinem
933 1957 1033 2010 vectus
1055 1951 1190 2011 iumentis
1235 1966 1249 1978 ²

102 2038 226 2112 iuuetis,
252 2043 338 2113 atque
355 2037 394 2095 lta
410 2036 446 2096 de
465 2034 612 2112 vehiculo,
636 2030 711 2113 quae
730 2034 912 2111 videbantur,
928 2027 1051 2094 dicebat.
1086 2033 1191 2113 Neque

102 2121 159 2182 boe
173 2121 216 2181 illi
233 2121 383 2199 quisquam
398 2119 546 2181 tribuebat
564 2119 739 2198 superbiae:
766 2119 837 2179 nibil
854 2115 937 2180 'enim
951 2137 1082 2198 umquam
1094 2138 1191 2198 neque

137 2272 308 2325 obsidendum
332 2270 391 2323 bier
412 2270 466 2338 „im
482 2270 581 2323 Zaume
600 2285 634 2322 zu
693 2272 789 2341 Neque
807 2269 835 2321 t‘d
852 2269 937 2335 muqia
953 2288 1096 2338 -quam,
1115 2287 1136 2322 a.
1156 2288 1190 2323 zu

103 2342 222 2403 hulten“,
241 2341 375 2407 eigentl.¹d
394 2340 458 2407 Vgl.
477 2339 534 2393 Pel.
554 2344 586 2407 1,
606 2343 631 2396 3.
660 2340 727 2393 Cim.
748 2342 882 2407 1‚2non
903 2341 987 2405 monia
1004 2357 1094 2392 amore
1111 2359 1192 2410 quum

137 2430 155 2465 n
170 2412 357 2479 fundamentis
373 2427 493 2478 „von—
506 2410 585 2464 aus“.
658 2428 731 2464 more
758 2410 863 2462 duetus.
893 2435 927 2446 -
952 2409 1134 2463 benevolentia
1157 2439 1192 2448 -

137 2499 218 2552 quam
254 2480 361 2533 minime
399 2482 483 2535 multo
505 2500 541 2530 =
557 2497 637 2549 quam
658 2480 820 2549 prudentia,
834 2478 1026 2546 Beweggrund
1041 2478 1088 2545 „in
1104 2479 1192 2545 Fulge

102 2549 274 2622 paucissima.
661 2550 709 2601 des
725 2547 936 2614 Wohlwolleus,
962 2547 1011 2599 das
1035 2563 1065 2600 er
1091 2565 1191 2615 genoss

137 2626 163 2674 4.
182 2621 249 2672 Cum
265 2618 318 2672 wie
332 2623 362 2686 2,
376 2623 400 2671 2.
414 2616 490 2671 Aucb
507 2617 633 2672 derSotz
660 2616 877 2687 (Betiebtheitu‘.
1196 2676 1199 2681 ,

104 2699 210 2745 tantum
227 2717 262 2726 -
276 2689 385 2742 baberet
402 2689 500 2755 gehbrt
519 2688 597 2741 dazu.
695 2691 723 2748 A,
745 2690 768 2740 1.
788 2687 906 2752 lumina,
929 2684 996 2738 suber
1019 2684 1071 2736 deu
1097 2683 1191 2737 Plurul

137 2776 250 2825 reqnnm
267 2759 399 2823 obtinere,
425 2774 473 2810 aus
502 2757 560 2810 dem
586 2775 634 2810 ro·
659 2775 682 2811 s.
702 2775 736 2809 zu
752 2762 885 2825 perpetua
904 2755 1015 2824 imperia
1030 2753 1101 2806 Milt.
1121 2756 1190 2822 3,1.

103 2829 181 2897 rigon
204 2827 365 2897 Folgesatze
391 2828 429 2880 ist
453 2837 546 2898 posset
567 2827 633 2882 wie·
659 2826 771 2880 Ebeuso
791 2827 815 2890 §.
832 2829 848 2879 3
867 2828 968 2879 laudea.

103 2899 211 2953 derbolt
229 2914 263 2950 zu
280 2898 396 2953 deuken.
411 2926 444 2951 e·
464 2899 539 2950 nullo
557 2916 634 2952 reen-
694 2903 846 2967 querentem
862 2894 1005 2948 fibemetze
1031 2892 1100 2947 nuelr
1118 2894 1190 2947 oide-

102 2978 199 3034 nnn,
238 2968 364 3037 negative
399 2966 634 3036 Partieipialsbtne
662 2978 704 3022 ret
721 2967 855 3020 sedentem
873 2964 954 3018 Paos.
975 2968 1005 3029 4,
1024 2966 1050 3020 b.

103 3039 192 3092 lassen
210 3037 269 3090 sich
284 3038 325 3091 oft
343 3037 430 3090 dureb
448 3037 537 3105 „ohne
553 3037 635 3092 dass“
694 3055 725 3090 eo
741 3035 902 3104 ‚‚desbalb“.

103 3108 238 3162 aufldsen.
369 3162 372 3165 Α
694 3106 851 3172 interfuerit
873 3103 974 3171 „dabei
998 3101 1086 3170 tbiitig
1104 3104 1190 3157 war“.

137 3193 328 3329 ῗιιιτιιιιερίζὲιῃιιέἵι
334 3175 554 3315 v’NtoquNdRNN‘·
574 3233 635 3299 ¹Der
660 3175 797 3298 suffera?
811 3176 974 3298 Nebirgmw
990 3181 1192 3305 zcpl‘NwN'beoter

104 3333 191 3384 ganze
209 3315 460 3368 Relatrvsatzldsst
472 3316 531 3368 sich
549 3315 585 3368 im
598 3316 632 3370 D.
659 3315 774 3370 wurden
799 3314 845 3366 bel
867 3311 920 3364 den
939 3311 1073 3363 Grieehen
1097 3313 1191 3380 biufig

105 3383 191 3437 durch
219 3383 263 3455 ein
291 3382 453 3437 Substantiv
477 3385 635 3453 mit'einem
660 3386 701 3438 als
716 3381 1027 3452 Vemammluugspllitze
1041 3381 1164 3436 benutut.

104 3452 230 3507 Attribut
247 3451 427 3506 ausdrfieken.
696 3473 756 3509 eum
775 3453 827 3507 wie
845 3451 903 3504 Ale.
925 3454 952 3517 l,
969 3442 992 3502 3⁸
1011 3468 1070 3503 eum
1087 3459 1191 3521 tempus

139 3525 164 3581 b.
184 3539 258 3588 reque
276 3519 335 3587 „als
354 3520 493 3589 Kdnige“.
661 3532 796 3595 posceret.
814 3523 924 3574 Ebenso
936 3525 960 3585 ς.
976 3520 1068 3585 deum,
1075 3522 1190 3577 audiret.

140 3593 226 3658 defuit
245 3591 385 3644 ubersetze
402 3593 455 3647 wie
473 3592 540 3645 cim.
557 3597 590 3659 4,
606 3594 632 3647 3.
696 3602 809 3664 propter
825 3592 1004 3644 ualetudinem
1016 3589 1192 3643 beziehtsieb

138 3662 274 3716 sententia
293 3663 413 3728 coquito,
432 3662 523 3716 Ablat.
547 3662 633 3716 absol.
661 3665 711 3716 aui
734 3663 811 3716 seina
836 3659 988 3728 Blindbeit‚
1016 3659 1100 3714 daber
1117 3661 1200 3733 ’²¹⁶i‘.

138 3734 164 3786 6.
179 3748 236 3785 non
253 3732 344 3797 modo,
369 3749 449 3785 wenn
472 3731 573 3797 darauf
588 3732 635 3784 sed
660 3733 764 3786 dender
780 3729 931 3783 Zustand“.

104 3802 293 3872 nte-quidem
311 3800 391 3867 iolgt,
404 3801 471 3852 liisst
484 3800 541 3853 sieb
555 3800 635 3854 iiber-
694 3803 809 3865 iunctis,
834 3801 870 3852 im
893 3799 927 3851 D.
947 3798 990 3851 ein
1017 3798 1189 3852 Substantiv.

104 3879 197 3926 setuen
215 3870 276 3939 „ich
288 3870 345 3922 will
358 3887 407 3938 gar
425 3870 502 3922 nieht
520 3871 634 3938 sagen“.
695 3889 765 3940 quoe
782 3870 942 3930 videbantur
957 3868 1009 3920 wie
1026 3866 1108 3921 Pauo.
1124 3869 1191 3934 2,3

29 3981 32 3989 .
105 3976 140 3985 —
156 3943 303 3995 antelatum
316 3969 350 3978 -
368 3947 566 4008 comparatum,
578 3955 635 3993 was
659 3941 685 3993 si
702 3941 751 3994 tibi
762 3941 876 3993 videtur.

105 4013 144 4065 ist
163 4012 203 4066 als
221 4011 323 4080 Objeet
341 4009 589 4064 hinzuzudenkeul
610 4026 634 4065 ι.
694 4010 735 4063 uu
764 4009 899 4063 tribuebat
927 4007 1070 4078 superbiae
1092 4005 1191 4074 „reeb-

106 4098 140 4136 zu
157 4099 238 4153 porea
256 4099 313 4135 eme
328 4079 423 4136 Thera.
443 4086 473 4149 4,
492 4083 518 4134 2.
660 4087 723 4135 nete
741 4079 797 4132 ibat
813 4078 854 4132 als
871 4079 948 4133 Stolz
966 4078 1030 4131 au“.

157 4160 240 4219 cortu.
255 4173 316 4220 nur.
349 4174 369 4219 a.
385 4172 444 4219 am.
970 4166 990 4235 9
