2850 4604
354 351 438 402 xxv.
471 353 503 401 u.
524 349 723 399 POMPONIUS
743 349 890 400 nrrrcus
913 349 988 399 cna.
1006 345 1032 397 c.
1185 338 1244 399 159

153 517 251 567 tantae
266 507 359 567 landis
376 515 457 567 esset
472 506 645 583 aemulatio,
669 506 746 568 nulla
767 506 966 568 intercederet
981 502 1177 586 obtrectatio,
1199 525 1257 583 esp

90 619 97 631 ·
154 601 260 670 setque
276 591 374 651 talium
390 592 517 651 virorum
533 590 646 670 copula.
697 648 700 654 ,
716 658 719 665 ,

218 683 246 739 6.
263 676 295 737 ln
311 675 463 756 republica
477 677 516 736 ita
533 685 579 736 est
591 683 736 752 versatus,
753 683 784 734 ut
799 694 916 754 semper
936 677 1105 754 optimarum
1121 677 1243 754 partium

156 770 187 822 et
199 770 287 823 ,essct
306 769 336 822 et
349 762 575 839 existimaretur,
591 779 687 839 neque
705 769 800 820 tamen
817 779 850 820 se
867 759 1001 820 civilibus
1018 760 1152 821 ductibus
1167 778 1244 822 ccm-

153 845 299 923 mitteret,
328 845 405 924 quod
425 863 484 913 non
499 846 590 922 magis
606 841 665 905 'eos
683 847 712 904 in
728 864 778 905 sua
794 852 943 922 potestate
962 845 1146 905 existimabat
1163 864 1243 922 esse,

153 932 254 1009 quise
277 930 322 990 his
343 928 510 1006 dedissent,
537 947 620 1008 quem
642 931 691 1008 qui
712 931 861 990 maritimis
886 931 1069 989 iactarcntur.
1108 929 1277 1002 Honorest
1382 1004 1384 1009 .

153 1032 211 1075 non
224 1016 325 1094 petiit,
348 1032 411 1074 cum
433 1016 461 1074 ei
485 1022 621 1094 paterent
643 1022 766 1094 propter
789 1013 837 1075 vel
858 1014 979 1092 gratiam
997 1013 1044 1072 vel
1063 1014 1243 1092 dignitatem,

154 1100 232 1178 quod
254 1118 349 1178 neque
373 1100 433 1177 peti
455 1116 538 1159 more
562 1100 701 1159 maiorum
724 1117 820 1177 neque
843 1100 907 1178 capi
923 1105 1046 1176 possent
1061 1101 1243 1159 conservatis

153 1184 270 1262 legibus
292 1184 321 1244 in
343 1193 400 1242 tam
423 1183 506 1243 effusi
528 1183 651 1243 ambitus
667 1182 888 1260 largitionibus,
912 1200 1007 1261 neque
1033 1185 1099 1260 geri
1121 1202 1137 1243 e
1157 1201 1243 1262 repu-

153 1269 230 1328 blica
247 1269 310 1328 sine
326 1267 460 1346 'periculo
479 1268 625 1346 corruptis
648 1268 775 1329 civitatis
790 1267 929 1327 moribus.
959 1265 1006 1327 Ad
1022 1267 1132 1329 hastam
1149 1268 1243 1347 publi·
1261 1283 1277 1336 3

154 1371 215 1413 cam
231 1370 380 1433 numquam
405 1355 537 1413 accessit.
568 1351 682 1412 Nullius
705 1354 749 1413 rei
770 1370 866 1431 neque
889 1369 977 1431 praes
993 1364 1089 1431 neque
1103 1371 1241 1433 manceps

152 1437 246 1499 lactus
264 1447 317 1499 est.
346 1436 499 1498 Neminem
514 1455 610 1516 neque
626 1456 679 1498 sno
698 1438 815 1498 nomine
837 1455 933 1516 neque
950 1436 1140 1499 subscribens
1159 1456 1242 1500 accu-

151 1641 182 1708 8,
200 1644 226 1691 4.
262 1638 318 1692 Der
341 1639 422 1708 conj.
447 1639 499 1692 wie
520 1643 544 1706 s.
568 1643 581 1694 1
607 1657 684 1709 quem
709 1639 758 1692 bus
776 1637 875 1705 gehbrt
901 1637 969 1691 auch
1000 1654 1034 1691 zu
1069 1657 1155 1708 neque
1183 1641 1242 1708 peti

149 1717 247 1778 posset.
681 1742 684 1747 -
708 1726 779 1762 more
813 1709 954 1762 maiorum.
984 1736 1019 1748 ·—
1051 1711 1239 1776 larpitioaibuo

188 1779 343 1832 obtrectatio
368 1778 420 1831 wie
440 1778 519 1831 Eum.
540 1781 584 1844 10,
604 1782 629 1832 2.
708 1779 761 1832 wie
778 1778 857 1830 Ham.
876 1778 907 1842 3,
926 1779 958 1842 33
977 1779 1107 1841 ambitus,
1127 1779 1239 1846 cigenti.
1263 1824 1269 1835 .

186 1855 326 1918 essetque,
338 1848 416 1915 Snbj.
438 1851 514 1916 „er“,
536 1849 615 1901 nant.
633 1850 683 1899 At·
694 1887 696 1891 -
709 1849 757 1900 das
772 1846 968 1914 Herumgehen,
986 1864 1029 1898 nm
1046 1848 1091 1899 iiir
1102 1847 1146 1901 dle
1157 1848 1240 1901 Wabl

151 1917 233 1970 tiens.
708 1935 742 1970 za
761 1917 848 1969 einero
870 1919 948 1969 Amte
966 1917 1095 1968 Stimmen
1119 1934 1153 1969 zu
1171 1933 1240 1970 mer-

190 1989 223 2054 b,
244 1989 269 2038 1.
297 1986 327 2036 iu
345 1987 483 2055 republica
502 1987 542 2040 ita
557 1993 682 2039 ocreatus
708 1988 776 2051 bcn3
792 1987 877 2054 daun,
897 1985 1022 2039 dedabei
1040 1987 1081 2039 oft
1095 1994 1252 2053 ungente·
1333 1983 1334 1986 ’

151 2063 192 2110 eat
220 2055 275 2120 „im
305 2054 479 2108 Steatsleben
508 2055 624 2109 verhielt
653 2072 683 2107 er
708 2056 777 2108 liche
790 2056 1240 2126 Mittel,besondersBestechung,

154 2125 215 2177 sich
229 2124 288 2176 so“.
709 2126 890 2193 augemendet
916 2127 1042 2193 worden,
1066 2125 1131 2192 „die
1156 2143 1249 2193 unge--

186 2195 300 2263 optimae
323 2201 415 2261 partes
436 2192 523 2246 soviel
548 2193 587 2246 als
612 2194 683 2262 opti·
709 2195 837 2249 setzliche
852 2196 1025 2263 Bewerbung
1040 2197 1138 2248 umein
1152 2197 1239 2262 Amt“,

151 2267 261 2318 matium
277 2270 380 2333 partes.
399 2264 492 2316 Ueber
507 2263 551 2315 die
567 2265 683 2331 optima·
707 2265 765 2317 hier
783 2274 855 2318 etwa
873 2266 1099 2334 „Aemterjatgd“.
1112 2295 1147 2304 -
1159 2267 1241 2336 effusi
1281 2318 1283 2322 .

151 2344 190 2388 tes
209 2351 229 2384 s.
250 2349 283 2385 zu
312 2332 370 2384 Alc.
394 2336 423 2396 5,
443 2334 470 2386 3.
491 2362 524 2372 -
542 2341 610 2386 esset
629 2333 681 2384 wie
707 2336 849 2388 iibersetze
867 2335 918 2388 wie
935 2336 1007 2388 hlilt.
1028 2338 1053 2403 6,
1074 2340 1099 2389 2.

152 2404 246 2457 Them.
262 2405 294 2470 9,
315 2405 327 2455 l
350 2403 465 2455 eiusdem
483 2403 599 2456 civitatis
616 2403 680 2468 fuit.
742 2423 756 2456 e
780 2406 916 2472 republica
943 2420 1022 2472 „zum
1051 2405 1164 2457 Nutuen
1192 2405 1239 2457 des

152 2503 185 2511 —
207 2473 408 2525 existimaretur
423 2473 513 2540 „daza
532 2472 682 2538 genechnet
709 2473 850 2525 Staates“.

152 2540 275 2605 wurde“.
743 2544 767 2595 3.
784 2541 844 2594 Alle
859 2542 904 2595 dic
920 2541 949 2594 in
965 2543 1065 2595 diesem
1077 2546 1101 2606 S.
1116 2558 1239 2609 genanu-

112 2626 117 2630 ·
188 2611 309 2663 civilibus
327 2609 472 2674 fluctibus,
491 2609 543 2662 wir
558 2609 607 2661 mit
622 2626 682 2662 ver-
708 2618 755 2662 ten
780 2611 871 2677 Dioge
893 2629 985 2664 waren
1008 2612 1083 2664 mehr
1103 2611 1169 2663 oder
1186 2630 1240 2665 we·

153 2681 293 2733 iindertem
309 2677 373 2729 Bild
397 2679 470 2746 „den
494 2679 682 2746 biirgerlichen
710 2681 790 2747 niger
817 2680 947 2747 geeignet
980 2681 1121 2733 entweder
1152 2680 1239 2732 Tadel

153 2748 308 2803 stirmen“.
710 2751 775 2802 oder
793 2750 866 2803 Haeo
884 2752 940 2802 and
960 2750 1140 2805 Feindsehait
1156 2766 1239 2802 anuo-

187 2836 243 2873 uon
270 2817 354 2883 anapia
374 2845 409 2854 -
433 2835 513 2884 punm
540 2815 683 2869 fibersetae
711 2819 817 2873 ziehen.

153 2891 214 2943 hier
233 2886 460 2951 wdrtlichnicbt
474 2887 526 2938 wie
541 2886 641 2954 Ciml,
657 2890 681 2941 2.
743 2891 824 2942 hasta
849 2889 958 2957 publiea
985 2887 1241 2956 „einedffentliche
1302 2886 1304 2890 ’

154 2989 187 2998 -
206 2961 236 3011 ia
253 2975 306 3010 aua
322 2964 456 3024 potestate
474 2975 530 3008 esse
548 2955 626 3022 „sein
645 2957 683 3009 ei·
711 2957 954 3026 Versteigerung“,
974 2959 1035 3012 weil
1056 2959 1150 3026 dabei,
1170 2960 1239 3012 nabh

154 3045 239 3098 gener
256 3027 329 3079 Hera
345 3026 433 3076 seim‘.
689 3028 796 3081 'einero
818 3028 892 3081 alten
910 3029 1059 3082 Gabraaob
1082 3029 1152 3083 heim
1170 3028 1227 3083 Ver

188 3097 342 3159 maritimis,
363 3095 442 3149 ndml.
462 3094 601 3148 fluctibus.
709 3098 791 3150 kauie
811 3099 860 3150 der
884 3097 1051 3151 feindlichen
1076 3099 1176 3164 Beute,
1199 3098 1240 3153 ala
1339 3127 1349 3134 -

189 3172 213 3224 2.
230 3184 288 3219 cum
301 3166 353 3217 wie
372 3167 439 3218 oben
457 3171 487 3232 4,
513 3165 537 3217 3.
569 3193 599 3202 -
618 3182 683 3234 pro·
709 3167 827 3219 Zeichen
856 3167 901 3218 ein
936 3167 1030 3234 Spiess
1063 3167 1241 3234 ausgesteclst

153 3246 213 3306 pter
224 3239 265 3288 ael
283 3238 407 3301 qratiam,
425 3251 447 3288 a.
463 3250 496 3286 zu
514 3241 577 3303 post
594 3244 683 3288 autem
710 3237 813 3290 wurde.
834 3235 903 3288 Hier
917 3235 1007 3288 ietdie
1020 3238 1239 3304 Versteigerung

154 3307 303 3358 Alexandri
312 3304 412 3370 Mapni
422 3312 531 3357 mortem
546 3303 624 3356 Eum.
643 3305 683 3365 13,
709 3324 762 3359 von
778 3306 885 3358 Gdtern
903 3304 1061 3372 geiichteter
1072 3306 1180 3373 Bdrger
1192 3323 1240 3373 ge·

156 3376 180 3429 l.
196 3374 335 3439 —9rotio
353 3373 461 3424 bhnlich
481 3373 576 3439 aleb,
592 3375 683 3437 4;·‹tt-
709 3377 806 3440 meiat,
834 3375 919 3427 durch
945 3375 1029 3427 deren
1048 3375 1161 3429 Anhaui
1179 3376 1240 3431 sich

152 3444 244 3510 quitos
261 3442 319 3493 bier
337 3441 561 3509 „Wiirdtgkeiet
710 3447 737 3498 in
753 3446 834 3512 jener
850 3444 913 3506 Zeit
928 3444 1006 3497 Vielc
1023 3445 1221 3499 bereicherten.
1240 3486 1243 3491 .
1281 3485 1286 3491 .

190 3515 261 3581 puod
278 3519 435 3578 —poscent
454 3510 608 3578 begriindet
632 3512 684 3565 den
743 3532 825 3583 praes
853 3513 990 3580 ‚‚Biirge“,
1018 3515 1166 3574 besonders
1194 3515 1240 3568 bei

156 3581 320 3649 Hauptsatz.
488 3598 491 3603 ’
711 3584 900 3637 Uebernabrne
930 3600 982 3636 von
1009 3583 1239 3653 Staatap'achtnn·

189 3669 261 3704 more
287 3651 418 3702 maiorum
443 3649 469 3700 d,
491 3649 510 3704 i.
535 3650 621 3702 durch
644 3650 689 3704 die
712 3672 778 3722 gen,
795 3670 920 3721 manceps<
938 3653 1057 3719 ‚,llincr,
1070 3655 1118 3707 der
1130 3655 1239 3709 sunte-

155 3719 565 3787 erlaubteBewerbung,wiees
578 3721 684 3775 beiden
710 3723 853 3775 einkdufte
880 3723 957 3775 lmus·
985 3722 1051 3777 oder
1077 3724 1240 3792 pachtweise

156 3790 311 3844 Voriahren
325 3788 469 3841 Gebraucb
479 3790 685 3853 wanohnehn·
711 3792 900 3845 ribernirumt“.
926 3791 1016 3844 Daher
1029 3795 1130 3848 nudius
1141 3795 1182 3847 rei
1191 3811 1239 3846 aa·

92 3912 103 3927 ,.
155 3860 292 3928 wendung
310 3857 513 3911 verwerflicher
532 3857 633 3916 blittel.
677 3897 679 3900 >
727 3880 761 3916 ue
779 3870 829 3916 eet.
858 3878 909 3928 „er
936 3863 1030 3916 warde
1056 3864 1168 3916 hiemale
1194 3861 1239 3915 bei

189 3929 352 3984 conservatis
377 3927 521 3980 iibersetze
548 3929 617 3981 nach
639 3930 684 3995 bo·¹
709 3881 978 3999 §taatspachtungen
1002 3933 1096 4000 Biirge
1115 3933 1158 3986 od.
1178 3931 1239 3985 Um·

155 4002 198 4055 nis
215 4000 359 4070 publicatis
377 3996 437 4052 Ale.
455 4001 487 4065 4,
504 4000 531 4052 5.
709 4000 891 4055 ternehmer“.
1035 4039 1037 4043 ⁷
1120 4033 1123 4037 ›

191 4072 219 4125 ia
237 4079 291 4126 tam
309 4069 391 4140 effusi
401 4067 515 4123 ambitae
533 4068 701 4139 brabium·-
743 4071 883 4129 Neminem
918 4071 1058 4127 accusauit
1092 4069 1165 4125 hier·¹
1183 4085 1237 4125 von
1317 4121 1318 4125 ,
