2850 4604
480 349 579 404 xum.
613 341 913 403 demembraret.
997 296 1006 312 ’
1182 326 1241 404 113

158 519 188 573 e't
210 512 333 573 maxime
350 510 497 572 nobilibus
512 513 616 590 captis,
632 511 771 593 pedester
788 513 955 588 exertitus,
977 511 1055 590 quod
1075 512 1105 572 in
1126 530 1161 572 ea
1176 511 1241 572 loca

158 606 221 658 erat
241 597 399 674 deductus,
428 605 458 656 nt
480 597 570 656 invito
593 595 724 656 Eumene
747 597 823 657 elabi
846 615 904 657 non
926 605 1047 675 posset,
1076 614 1177 674 pacem
1203 598 1239 656 ab
1298 597 1310 631 ⁸

158 700 196 742 eo
208 684 291 760 petit.
315 679 407 753 Quam
421 699 484 741 oum
495 683 693 759 impetrasset,
705 683 734 740 in
753 682 808 741 lide
824 698 882 741 non
897 683 1001 740 mansit
1015 690 1045 740 et
1059 701 1104 758 se,
1120 681 1241 742 simulac

157 769 270 844 potuit,
298 765 333 826 ad
350 765 533 844 Antipatrum
553 767 675 844 recepit.
708 764 854 826 Eumenes
878 761 1029 825 Craterum
1052 784 1091 825 ex
1114 767 1178 825 acie
1196 781 1276 827 sec

156 852 292 910 mivivum
322 850 428 910 elatum
448 869 586 910 recreare
611 849 735 918 studuit;
758 868 821 910 eum
841 849 870 910 id
892 867 950 910 non
973 858 1094 928 posset,
1118 868 1173 928 pro
1191 849 1243 910 ho·

119 991 122 997 .
156 937 240 994 minis
263 935 403 1012 dignitate
426 951 538 1013 proque
561 936 682 1012 pristina
704 936 833 997 amicitie
852 934 988 1015 (namque
1010 932 1061 992 illo
1086 952 1155 993 usus
1180 942 1243 994 erat

158 1018 327 1078 Alexandro
342 1021 411 1079 vivo
427 1018 623 1097 familiariter)
639 1018 734 1096 amplo
750 1019 854 1078 funere
872 1018 977 1080 extulit
993 1035 1121 1095 ossaque
1139 1021 1168 1078 in
1184 1017 1243 1078 llla·

156 1103 306 1164 cedoniam
323 1105 409 1163 uxori
426 1104 489 1163 eins
506 1121 539 1162 ac
553 1103 656 1163 liberis
673 1105 793 1182 remisit,
1010 1176 1011 1180 Ἰ

218 1188 248 1247 5.
267 1187 347 1247 llaec
362 1187 426 1247 dum
444 1186 519 1264 apud
530 1186 753 1266 Hellespontum
767 1195 919 1264 geruntur,
935 1185 1090 1247 Perdiccas
1107 1186 1182 1265 apud
1192 1184 1243 1246 Ni·

156 1272 213 1331 lum
229 1271 334 1331 llumen
355 1272 528 1332 interficitur
549 1288 564 1331 a
580 1271 706 1332 Seleuco
730 1279 761 1331 et
775 1271 941 1349 Antigene,
964 1288 1119 1348 rerumque
1136 1287 1292 1334 summanr

156 1356 191 1416 ad
207 1356 390 1434 Antipatrum
410 1355 550 1416 delentur.
590 1355 663 1432 Hic,
684 1357 732 1433 qni
755 1355 963 1432 deseruerant,
988 1357 1121 1415 exercitu
1142 1355 1243 1415 suffra·

155 1441 233 1517 gium
253 1441 370 1501 ferente
390 1441 494 1518 capitis
516 1440 654 1502 absentes
676 1439 859 1500 damnantur:
887 1441 916 1499 in
933 1439 978 1500 his
997 1437 1152 1500 Eumenes.
1184 1439 1244 1499 Hae
1313 1483 1315 1487 ‡

154 1523 205 1585 ille
222 1524 375 1603 perculsus
392 1524 478 1602 plaga
494 1542 552 1585 non
569 1525 720 1585 succubuit
741 1543 836 1603 neque
857 1541 894 1584 eo
916 1525 1012 1584 secius
1034 1523 1144 1584 bellum
1158 1523 1245 1583 admi-

154 1611 297 1673 nistravit.
329 1609 388 1668 Sed
404 1610 498 1669 exiles
516 1629 565 1669 res
581 1612 665 1669 animi
677 1610 903 1686 magnitudinem
914 1610 970 1668 etsi
983 1625 1041 1667 non
1058 1608 1244 1685 frangebant,

155 1702 249 1753 tamen
265 1694 442 1754 minuebant.
470 1693 552 1754 Hunc
567 1712 750 1773 persequens
765 1692 942 1769 Antigdnus,
960 1710 1023 1751 eum
1039 1695 1115 1751 omni
1131 1710 1243 1768 genere
1261 1699 1278 1747 2

154 1780 302 1856 copiarum
321 1777 497 1854 abundaret,
517 1798 608 1857 saepe
629 1781 659 1839 in
682 1779 836 1839 itineribus
862 1776 1042 1853 vexabatur,
1068 1794 1165 1854 neque
1187 1793 1245 1834 um·

154 1881 238 1942 quam
252 1863 287 1922 ad
302 1880 414 1922 manum
427 1862 570 1934 accedere
586 1864 695 1923 licebat
709 1863 764 1922 nisi
779 1864 816 1922 iis
832 1861 924 1936 locis,
945 1860 1048 1938 quibus
1070 1861 1154 1938 pauci
1174 1858 1245 1919 mul-

155 1948 192 2005 tis
212 1955 335 2025 possent
356 1949 509 2008 resistere.
537 1947 596 2007 Sed
621 1956 755 2007 extremo
774 1955 926 2023 tempore,
946 1962 1010 2004 cum
1032 1943 1157 2005 consilio
1179 1948 1244 2022 capi
1263 1947 1278 1998 3
1316 1998 1318 2002 ⁴

155 2047 213 2090 non
232 2039 354 2108 posset,
373 2031 555 2092 multitudine
580 2033 744 2092 circumitus
762 2039 816 2090 est.
848 2028 921 2088 Hinc
945 2037 1040 2088 tamen
1063 2028 1158 2089 multis
1183 2030 1244 2088 suis

156 2116 269 2175 amissis
286 2133 319 2174 se
335 2115 486 2193 expedivit
503 2125 533 2175 et
550 2118 579 2176 in
597 2117 748 2176 castellum
765 2114 930 2191 Pbrygiae,
950 2113 1028 2192 quod
1044 2113 1122 2173 Nora
1144 2112 1245 2193 appel·
1258 2127 1297 2171 ato

154 2199 241 2277 latur,
256 2200 396 2276 confugit.
427 2199 459 2259 ln
472 2218 528 2278 quo
545 2218 608 2260 cum
625 2200 889 2261 circumsederetur
904 2207 934 2258 et
951 2206 1117 2275 vereretur,
1132 2216 1170 2256 ne
1186 2215 1242 2256 uno
1264 2210 1281 2256 4

154 2283 220 2343 loco
239 2301 357 2343 manens
383 2302 476 2363 equos
497 2285 637 2346 militares
661 2285 817 2364 perderet,
840 2282 918 2362 quod
940 2283 1065 2363 spatium
1086 2299 1145 2353 non
1163 2291 1246 2342 esset

154 2368 293 2446 agitandi,
311 2367 445 2430 callidum
461 2370 514 2430 init
530 2372 593 2432 eius
609 2370 767 2448 inventum,
785 2366 1022 2447 quemadmodum
1040 2375 1119 2427 stans
1136 2367 1246 2430 iumen·

187 2589 308 2656 pedester
319 2587 451 2639 exercitus
470 2586 530 2640 hier
545 2588 621 2642 nicht
635 2587 688 2640 wie
747 2587 865 2640 exercitu
878 2585 1037 2650 suffroniam
1051 2586 1152 2646 ferente
1168 2583 1248 2636 viber-

152 2659 211 2711 Ale.
226 2660 254 2723 8,
267 2662 292 2710 2.
306 2657 483 2722 Gegensatzl
497 2661 618 2727 -petit,
630 2674 687 2710 was
712 2662 787 2709 setae
800 2655 920 2723 '„duroh
942 2654 987 2706 ein
1006 2652 1248 2719 Kriegcgerieht“,

152 2729 198 2780 ttir
215 2726 259 2778 ein
273 2726 428 2778 Praesens?
447 2744 469 2779 s.
485 2744 518 2779 zu
530 2727 601 2780 Milt.
617 2733 646 2794 2,
658 2731 684 2780 4.
712 2725 861 2780 wdrtliclrl
879 2725 934 2792 vgl.
954 2724 1006 2792 Ep.
1026 2723 1058 2788 8,
1075 2725 1101 2775 5.

187 2799 215 2851 in
228 2814 260 2848 ea
273 2795 325 2848 wie
341 2796 403 2847 Dat.
422 2797 480 2862 6,2
499 2799 531 2850 ile
549 2799 628 2863 tocie,
646 2804 685 2850 ut.
746 2796 885 2864 perculsus
906 2793 963 2846 ldae
984 2794 1025 2846 als
1038 2791 1248 2847 Concessivsata

187 2867 271 2919 inuito
289 2867 406 2919 Eumene
422 2865 477 2918 wie
500 2868 621 2921 omnibus
644 2867 687 2918 r'n-
711 2866 768 2919 auf.

152 2937 214 2989 actia
237 2935 301 2986 Dat.
324 2937 354 3002 3,
379 2938 404 2988 l.
437 2935 500 3002 Vgl.
525 2939 595 2991 auch
620 2940 646 3001 §-
670 2937 688 2986 4
732 2952 833 3003 .neque
850 2950 880 2984 eo
898 2931 985 2984 cenius
1002 2929 1056 2984 wie
1077 2929 1150 2982 Mitt.
1170 2933 1201 2993 2,
1221 2929 1249 2980 3.

152 3006 307 3058 Alexandro
325 3007 393 3058 uiuo.
714 3034 748 3043 -
766 3003 966 3055 administravit
979 3000 1096 3066 „leitele
1105 3003 1131 3064 “,
1145 2997 1208 3050 weit
1220 3016 1250 3049 er

186 3075 340 3138 insidenon
350 3074 547 3140 maculantem
560 3073 686 3126 denVer-
714 3074 767 3126 den
785 3073 873 3139 Krieg
888 3069 934 3130 liar
950 3068 994 3121 die
1006 3069 1120 3121 Familia
1131 3067 1249 3120 Alexan-

153 3153 216 3211 irag
229 3144 337 3211 nicht“,
353 3142 501 3196 wdrtlich?
523 3142 689 3212 Gegenlheil
715 3144 777 3196 ders
795 3142 901 3206 ldbrte,
917 3138 973 3206 vgl.
991 3138 1077 3190 cheb.
1096 3142 1125 3205 2,
1146 3139 1169 3191 1.

149 3217 228 3281 fidem
246 3232 405 3267 conseruare
421 3214 472 3282 Ag.
490 3219 519 3280 2,
535 3217 561 3266 5.
748 3213 828 3264 enideo
838 3208 949 3275 res„die
960 3205 1249 3272 beschrdnkteLage“.

187 3288 213 3336 4.
238 3302 304 3352 pro,
329 3302 351 3336 s.
373 3299 408 3335 zu
431 3283 531 3336 Thrac.
552 3288 581 3348 2,
599 3287 616 3336 4
636 3299 688 3352 pro
714 3309 748 3320 —
783 3280 867 3333 animi
894 3278 1103 3344 mannitudinenr
1133 3276 1248 3342 „seinen

152 3353 293 3420 opinione3
336 3353 452 3418 dinnitae
494 3351 689 3420 „angeeehene
714 3349 801 3424 hohen
819 3345 926 3400 Math‘t

152 3421 313 3486 Stellaug“.
523 3481 525 3485 ¹
748 3423 782 3490 2,
809 3435 869 3471 eum
886 3445 918 3454 -
943 3416 1095 3468 abundaret
1120 3413 1193 3465 fasse
1210 3413 1251 3463 ale

187 3488 620 3557 uenaeratsanrilieriterwiedg.
633 3493 688 3551 1‚1.
715 3483 942 3552 Concesrivsatu,
960 3483 1016 3535 und
1029 3483 1084 3535 lass
1100 3481 1184 3535 daher
1196 3481 1249 3534 den
1328 3488 1332 3497 '

187 3561 283 3613 extulit
300 3557 442 3611 fibersetze
459 3557 512 3612 vvie
529 3559 595 3613 ein.
614 3564 644 3624 4,
663 3561 687 3612 3.
713 3558 851 3610 Nacheatz
869 3554 917 3607 mit
932 3553 1051 3621 „doch“
1068 3552 1171 3619 iolgen,

187 3633 222 3692 5,
242 3631 266 3680 l.
284 3644 375 3680 rernm
391 3645 494 3680 summa
511 3628 563 3681 vvie
579 3631 610 3691 2,
631 3632 655 3685 1.
748 3629 912 3680 arimenum
924 3626 1060 3687 accedere,
1074 3621 1185 3688 cigenti.
1202 3620 1250 3686 „in

187 3700 241 3751 Hie
260 3698 312 3750 vvie
330 3702 364 3763 4,
383 3698 408 3750 3.
715 3696 766 3749 den
779 3692 897 3748 Bereich
911 3692 1003 3745 seiner
1014 3690 1097 3744 Hand
1109 3691 1251 3743 kommen“

188 3769 235 3838 qui
253 3770 440 3832 deseruerant,
464 3766 544 3818 niiml.
565 3764 637 3817 illum
654 3787 690 3812 =
716 3767 741 3819 d.
761 3765 779 3818 i.
798 3781 859 3831 „an
877 3763 923 3814 ihn
938 3760 1179 3815 herankommerr“.

153 3833 636 3904 desertoree„Abtrlinnige“,dieaui
646 3833 690 3886 die
749 3836 782 3888 iis
802 3832 854 3886 wie
867 3833 937 3885 oben
954 3835 985 3900 4,
1004 3834 1020 3886 3
1038 3832 1068 3884 in
1085 3849 1128 3884 ea.

152 3908 227 3961 Seite
246 3908 339 3960 aeiner
356 3906 468 3974 Geguer
492 3913 616 3973 getreten
635 3920 690 3956 wa·
750 3905 775 3956 3.
790 3912 906 3957 extremo
918 3910 1032 3970 tempore
1041 3900 1093 3955 wie
1101 3900 1164 3953 Dat.
1175 3900 1217 3964 10,
1227 3899 1253 3954 1.

151 3995 200 4030 ren
219 3977 275 4029 und
294 3993 381 4045 gegen
404 3975 452 4044 ibn
468 3974 609 4043 geklimpft
631 3973 690 4025 lvct-
715 3973 793 4041 Subj.
812 3973 850 4025 ist
867 3972 1013 4025 Eumenes.

152 4051 210 4102 ten.
242 4047 306 4115 Vgl.
325 4046 486 4114 Paus.3,.2
504 4045 550 4115 qni
567 4045 689 4097 aderant.
750 4045 775 4096 4.
799 4043 904 4110 cultore
921 4041 1003 4096 stand
1020 4039 1093 4092 Ilion
1109 4037 1139 4104 9,
1159 4039 1174 4090 2
1192 4051 1253 4090 vom
1366 4040 1370 4049 '

204 4138 288 4182 coen.
305 4138 368 4184 uer.
395 4139 415 4182 3.
431 4137 487 4180 Αιι.
511 4127 515 4132 “
1032 4130 1050 4187 8

615 4334 621 4364 l
