2850 4604
477 334 547 424 ιιι.
579 364 832 422 exornarem.
853 364 924 424 aa.
1204 314 1248 425 et'

216 530 244 591 5.
264 526 343 591 llaec
355 529 420 590 dum
429 539 580 608 geruntur,
595 528 778 591 Artaxerxes
790 532 992 608 reminiscens,
1008 550 1023 592 a
1039 541 1144 610 quanto
1162 532 1242 592 bello

154 614 189 674 ad
206 633 290 692 quam
306 634 423 693 parvam
441 633 501 675 rem
516 617 677 694 principem
688 615 791 675 ducum
801 617 940 692 misisset,
959 635 991 676 se
1003 618 1067 694 ipse
1084 614 1243 694 repreben-

152 699 195 758 dit
212 708 242 758 et
257 701 384 758 nuntium
406 699 440 759 ad
469 701 628 760 exercitum
649 698 732 759 Acen
748 701 842 775 misit,
868 700 945 777 quod
966 701 1090 774 nondum
1103 700 1243 760 Datamen

153 784 315 861 proiectum
336 783 471 863 putabet,
497 785 544 862 qui
563 784 691 859 diceret,
712 802 749 844 ne
771 783 806 843 ab
831 785 964 843 exercitu
986 784 1161 845 discederet.
1190 784 1243 844 llic

152 870 318 945 priusquam
339 871 525 945 perveniret,
549 886 607 946 quo
632 876 695 928 erat
717 869 884 946 proiectus,
911 869 940 926 in
963 869 1069 928 itinere
1093 873 1242 943 convenit,

152 953 200 1028 qui
224 951 337 1029 Aspiim
359 952 510 1013 ducebant.
540 949 603 1023 Qua
616 953 769 1021 celeritate
786 971 849 1013 cnm
864 970 993 1029 magnam
1007 952 1244 1029 benevolentiam
1261 961 1278 1008 2

152 1037 231 1113 regis
246 1034 382 1096 Datames
399 1045 573 1096 consecutus
590 1045 690 1113 esset,
706 1054 764 1095 non
779 1037 920 1096 minorem
936 1037 1071 1096 invidiam
1086 1037 1243 1096 aulicorum

152 1122 287 1199 excepit,
307 1121 385 1199 quod
404 1121 485 1180 illum
507 1138 591 1180 unum
615 1121 707 1199 pluris
728 1138 812 1198 qnam
833 1140 866 1180 se
888 1137 988 1180 omnes
1009 1121 1073 1181 fieri
1095 1121 1241 1181 videbant.

152 1199 217 1275 ero
231 1205 309 1265 iacto
325 1206 420 1264 cuncti
437 1204 472 1263 ad
494 1221 559 1263 eum
582 1204 800 1283 opprimendum
820 1213 1042 1264 consenserunt.
1074 1204 1155 1264 llaec
1172 1205 1242 1264 Pan·
1261 1222 1277 1272 3

151 1287 265 1364 dantes,
279 1305 371 1365 gazae
386 1296 485 1347 custos
498 1289 619 1365 regiae,
641 1290 747 1348 amicus
765 1287 893 1365 Datami,
915 1290 1079 1366 perscripta
1102 1292 1129 1348 ei
1144 1291 1242 1365 mittit,

152 1371 301 1449 inquibus
317 1371 420 1431 docet:
442 1391 507 1432 cum
524 1390 628 1449 magno
644 1373 710 1433 fore
728 1372 914 1451 periculo„si
930 1372 997 1450 quid
1013 1373 1065 1433 illo
1080 1375 1243 1453 imperante

151 1455 268 1515 adversi
282 1457 311 1515 in
328 1455 465 1535 Aegypto
484 1456 649 1517 accidisset.
681 1456 816 1535 Namque,
835 1474 896 1516 eam
918 1476 987 1516 csse
1003 1458 1243 1518 consuetudinem
1260 1474 1277 1522 4

152 1541 273 1617 regiam,
292 1550 322 1601 ut
342 1559 427 1600 casus
448 1540 588 1600 adversos
604 1541 767 1600 bominibus
784 1542 921 1618 tribuant,
947 1541 1091 1601 secundos
1107 1543 1242 1602 fortunae

152 1641 241 1690 suae;
258 1642 315 1702 quo
334 1625 409 1701 lteri,
428 1633 458 1684 ut
474 1625 560 1685 facile
575 1625 760 1704 impellantur
773 1625 808 1684 ad
823 1643 924 1684 eorum
935 1628 1106 1703 perniciem,
1122 1644 1244 1703 quorum

109 1715 112 1721 '
151 1707 236 1767 ductu
253 1727 303 1768 res
321 1709 396 1768 male
413 1717 517 1786 gestae
537 1713 712 1770 nuntientur.
748 1708 830 1768 lllnm
851 1708 907 1768 boc
922 1711 1032 1768 maiore
1052 1710 1118 1769 iore
1141 1711 1171 1767 in
1185 1709 1242 1768 dis-

150 1793 280 1869 crimine,
296 1792 383 1870 quod,
400 1794 504 1871 quibus
522 1813 576 1853 rex
590 1798 712 1853 maxime
730 1792 864 1867 obediat,
888 1811 941 1853 cos
959 1792 1065 1852 babeat
1081 1794 1243 1852 inimicissi-

150 1894 223 1940 mos.
258 1875 376 1936 Talibus
398 1877 450 1937 ille
474 1877 580 1938 litteris
601 1880 746 1954 cognitis,
767 1878 905 1936 numiam
926 1876 961 1936 ad
984 1875 1275 1941 exercitumllcent
1325 1945 1329 1951 ,
1421 1887 1423 1891 ’

150 1962 295 2037 venisset,
312 1961 389 2038 quod
404 1978 462 2021 non
480 1961 645 2038 ignorabat,
662 1979 696 2020 ea
714 1979 783 2020 vere
802 1962 929 2038 scripta,
952 1961 1119 2020 desciscere
1134 1980 1150 2020 a
1168 1979 1241 2038 rege

150 2045 309 2104 constituit.
340 2044 444 2123 Neque
464 2054 559 2105 tamen
579 2048 728 2123 quicquam
749 2044 838 2121 lecit,
861 2044 938 2122 quod
958 2045 1014 2105 lide
1036 2065 1087 2105 sua
1102 2053 1184 2105 esset
1201 2048 1242 2104 in·

148 2129 275 2205 dignum.
297 2129 369 2188 Nam
383 2129 568 2191 blandrdclen
580 2129 746 2206 Magnetem
758 2131 901 2189 exercitui
916 2130 1075 2208 praefecit;
1095 2132 1160 2208 ipse
1179 2148 1243 2188 cum

151 2215 210 2273 suis
232 2215 260 2272 in
283 2211 494 2292 Cappadociam
514 2213 638 2274 discedit
662 2215 900 2291 coniunctamque
929 2213 996 2274 huic
1016 2213 1243 2293 Paphlagoniam

151 2307 284 2376 occupat,
305 2297 416 2374 celans,
439 2317 495 2378 qua
510 2298 660 2359 voluntate
682 2307 764 2358 esset
786 2299 814 2356 in
834 2316 943 2374 regem.
975 2297 1055 2358 Clam
1076 2316 1139 2358 cum
1156 2299 1242 2357 Ario-

151 2382 277 2442 barzane
289 2384 358 2443 lacit
370 2384 532 2460 amicitiam,
549 2401 659 2443 manum
671 2391 829 2461 comparat,
848 2381 936 2441 urbes
951 2384 1072 2441 munitas
1088 2384 1148 2441 suis
1161 2390 1242 2441 tuen·

153 2464 203 2526 das
222 2467 317 2527 tradit.»

215 2551 242 2612 6.
263 2551 322 2612 Sed
337 2550 410 2610 baec
424 2562 547 2630 propter
562 2550 686 2610 hiemale
701 2559 814 2628 tempus
831 2551 923 2623 minus
937 2567 1083 2627 prospere
1098 2547 1242 2627 procede·

149 2635 226 2694 bant.
255 2635 354 2712 Audit,
376 2635 486 2695 Pisidas
508 2635 643 2713 quasdam
662 2636 763 2712 copias
786 2633 925 2693 adversus
949 2642 1110 2711 separare.
1139 2632 1243 2716 Filium
1279 2627 1288 2641 '

152 2737 188 2779 ec
212 2719 365 2781 Arsideum
392 2738 455 2780 cum
482 2721 614 2781 exercitu
636 2721 736 2779 mittit:
764 2717 841 2778 cadit
868 2719 897 2777 in
917 2718 1033 2796 proelio
1059 2716 1240 2778 adolescens.

185 2907 218 2971 5,
237 2907 259 2958 l.
279 2924 297 2958 a
311 2913 414 2973 quanto
429 2935 462 2945 ·-
478 2907 606 2973 adquam
624 2912 683 2971 cet,
705 2903 745 2965 ‚itu
758 2902 821 2954 Lat.
840 2903 868 2953 id
878 2920 934 2955 esse
945 2920 1038 2955 consu.
1052 2930 1086 2941 -
1099 2909 1243 2954 contacta-

149 2973 261 3027 beacltte
284 2974 359 3026 diese
380 2973 561 3040 Verbindung
584 2975 685 3027 zweier
710 2974 797 3024 dinem
809 2975 921 3037 regiam,
935 2973 1062 3028 verfabre
1073 2970 1126 3024 wie
1140 2970 1184 3022 bei
1195 2988 1242 3037 pe·

149 3044 258 3111 Fragen
273 3060 307 3095 ιιι
323 3043 407 3096 einer.
710 3042 901 3095 destriaarmc
920 3041 979 3108 lpb.
996 3043 1025 3106 1,
1047 3044 1070 3092 3,
1100 3041 1180 3092 Danu
1199 3056 1243 3090 er-

184 3112 312 3165 Welcher
329 3111 439 3178 Begriff
450 3111 519 3180 liegt
533 3112 562 3164 in
578 3114 683 3179 diceret,
709 3111 769 3177 gibt
787 3110 845 3162 sich
863 3110 933 3162 auch
947 3109 997 3162 das
1012 3110 1128 3178 Subject
1145 3125 1179 3160 ιιι
1193 3110 1241 3162 tri·

150 3183 214 3235 dass
233 3199 268 3235 ne
289 3182 379 3252 folgt‘l
405 3182 460 3248 vgl.
484 3187 518 3251 4,
542 3186 554 3235 l
580 3183 684 3236 litterae
710 3183 804 3234 luant.
1203 3208 1205 3215 ν

150 3261 215 3306 caat
228 3253 338 3317 massae,
351 3260 391 3306 at.
490 3259 491 3262 ’
744 3251 937 3301 Betonesaae.

185 3323 323 3386 convenit,
339 3322 398 3388 qai,
413 3337 471 3372 was
485 3319 523 3379 iet
534 3335 569 3371 ιιι
585 3319 683 3385 ergin-
744 3335 796 3387 qao
806 3317 876 3380 fieri,
887 3315 954 3368 tiber
967 3316 1019 3368 den
1032 3315 1157 3367 Infinitiv
1170 3314 1241 3367 nach

150 3389 222 3442 zeni
243 3407 266 3441 s.
286 3406 320 3441 ιιι
332 3389 404 3441 Dion
420 3390 451 3455 8,
470 3393 488 3441 4
511 3391 682 3455 conveniant,
709 3387 794 3440 einem
809 3385 964 3438 Relativum
977 3404 1000 3436 s.
1016 3402 1050 3437 ιιι
1066 3383 1160 3436 Tbem.
1173 3388 1200 3450 7,
1216 3387 1241 3437 5.

150 3460 238 3513 caiae.
271 3457 339 3510 Hier
361 3457 521 3511 bezeichnet
541 3460 683 3512 convenire
743 3459 807 3520 boc,
821 3455 955 3524 qaodwie
968 3454 1128 3515 Timone,
1141 3456 1166 3506 6.

150 3529 199 3580 das
216 3525 347 3595 zufillige
358 3527 624 3581 Zusammentretien.
742 3526 847 3578 obediat
863 3523 920 3575 bier
935 3523 1018 3591 „sein
1033 3523 1092 3574 Obr
1104 3522 1205 3577 lcibe“.

185 3599 212 3648 2.
234 3599 338 3664 excepit
348 3611 419 3664 „zog
432 3595 490 3649 sich
502 3597 566 3649 zu“.
578 3597 684 3665 ——fieri
743 3600 768 3647 5.
789 3594 915 3658 Talibus,
928 3611 949 3646 s.
963 3609 997 3644 ιιι
1010 3593 1104 3645 Thera.
1121 3597 1151 3658 2,
1165 3595 1191 3647 8.
1207 3620 1242 3630 -

149 3664 344 3720 :aestimari
709 3665 821 3730 capnitis
834 3663 886 3714 wie
898 3662 965 3728 Lyn.
977 3666 1010 3728 4,
1024 3665 1050 3715 3.

187 3737 212 3788 3.
226 3736 302 3788 Haec
311 3734 464 3804 perscripta
475 3734 565 3800 mittit,
578 3732 684 3785 ecbickt
742 3750 798 3785 noa
814 3733 970 3797 maerebat,
984 3747 1006 3784 s.
1021 3747 1152 3800 anaeque
1166 3732 1240 3796 igaa-

150 3803 208 3858 dies
228 3804 472 3871 anigescbriebeu‚
491 3803 518 3856 d.
538 3802 557 3857 i.
576 3803 681 3868 „einen
708 3820 774 3858 rann
788 3801 847 3853 Alc.
864 3805 896 3866 t,
909 3804 932 3853 1.

150 3873 435 3927 Berichthiertiber“.
448 3873 614 3936 -Datami,
627 3872 682 3923 Ge·
742 3874 767 3925 o.
802 3871 1016 3936 Ariobarzanes,
1039 3869 1164 3923 derselbe
1188 3867 1241 3918 wie

151 3942 201 3995 nit.
217 3943 270 3996 wie
283 3944 377 3998 Neocli
393 3942 487 3998 Thera.
502 3943 532 4006 l,
548 3943 571 3996 l.
709 3946 739 4009 2,
754 3944 780 3995 5.

184 4030 280 4079 magno
291 4013 488 4083 forepcriaalo,
498 4029 521 4063 s.
530 4008 647 4076 zultie,
657 4014 682 4062 4.
745 4015 779 4075 6,
795 4012 817 4061 l.
840 4011 918 4074 baec,
936 4008 980 4061 die
995 4025 1027 4060 ιιι
1040 4007 1119 4060 [lude
1134 4007 1180 4057 des
1193 4021 1241 4055 vc—

185 4087 213 4135 4.
228 4100 286 4135 eam
297 4084 404 4150 „dae“.
421 4081 523 4135 Fulsch
533 4082 599 4134 aber
610 4081 684 4136 wire
709 4081 788 4150 rigen
803 4078 869 4147 Cap.
891 4078 1050 4133 erwiihaten
1067 4077 1240 4142 Riistungen.

178 4220 181 4228 ,
204 4173 286 4219 cona.
304 4176 366 4216 nur.
393 4176 413 4216 a.
427 4174 485 4221 nun,
511 4183 513 4188 ·
1019 4164 1038 4227 6
