2850 4604
365 340 447 389 xxv.
484 342 515 387 r.
539 321 737 388 Pomponius
759 337 905 385 nunrcus
926 337 1001 386 one.
1020 333 1044 383 1.
1192 324 1251 386 153

164 497 289 575 reperiri
317 494 521 575 possitneque
538 495 574 555 de
594 493 713 555 Graecis
732 493 885 572 neque-de
911 492 1019 554 Italicis
1043 493 1146 572 rebus,
1174 493 1251 572 qnod
1286 556 1288 561 ,
1333 503 1340 512 ’

164 582 192 640 ei
208 581 295 640 luerit
315 582 499 659 incognitum.
531 579 577 639 Ab
594 577 792 639 adolescentia
813 580 941 639 confecit
961 580 1117 638 orationes.
1152 578 1251 639 Senex
1269 584 1285 637 3

163 663 302 725 historias
329 666 461 726 scribere
492 666 627 725 instituit.
671 663 777 724 Earum
801 671 866 723 sunt
889 662 955 723 libri
979 670 1101 742 septem.
1140 663 1252 723 Primus

163 751 295 810 continet
317 768 368 811 res
389 757 489 828 gestas
517 767 619 828 regum
641 748 741 829 populi
760 746 898 815 Romani;
921 748 1063 808 secundus
1085 755 1114 807 et
1136 750 1252 827 tertius,

163 833 238 895 unde
254 846 385 914 quaeque
401 836 503 895 civitas
519 842 583 894 orta
597 835 635 894 sit
651 832 766 901 Italica;
793 832 830 892 ob
853 850 937 911 quarn
961 850 1022 892 rem
1040 849 1141 892 omnes
1158 831 1254 911 Origi-

162 937 216 979 nes
239 917 354 979 videtur
375 918 551 998 appellasse.
590 917 624 978 In
645 925 748 996 quarto
774 925 868 976 autem
894 916 1004 976 bellurn
1026 915 1183 977 Poenicum
1205 926 1261 977 est.

162 1003 298 1081 primum,
320 1004 350 1062 in
366 1005 467 1082 quinto
488 1002 652 1063 seeundum.
682 1001 781 1080 Atque
797 999 870 1060 haec
887 1002 979 1061 omnia
994 1000 1169 1079 capitulatim
1185 1011 1251 1061 sunt
1269 1013 1285 1059 4

161 1086 245 1146 dicta.
272 1085 454 1167 Reliquaque
475 1086 553 1147 bella
570 1086 734 1166 parimodo
750 1093 922 1164 persecutus
946 1093 992 1146 est
1011 1102 1103 1164 usque
1119 1085 1153 1144 ad
1168 1104 1251 1165 prae-

161 1179 253 1231 turam
267 1170 364 1231 Servii
380 1168 501 1248 Galbae,
523 1173 572 1251 qui
594 1171 713 1249 diripuit
727 1169 896 1230 Lusitanos.
925 1169 1022 1249 Atque
1040 1168 1141 1230 horum
1159 1170 1252 1232 bello·

161 1272 222 1315 rum
246 1255 335 1316 duces
357 1273 414 1315 non
434 1257 608 1334 nominavit,
636 1253 689 1315 sed
711 1256 775 1315 sine
803 1254 966 1314 nominibus
990 1273 1039 1314 res
1062 1257 1182 1315 notavit.
1219 1255 1252 1314 ln

161 1339 264 1399 iisdem
286 1341 444 1419 exposuit,
466 1359 540 1418 quae
572 1343 600 1400 in
615 1339 697 1400 ltalia
713 1338 920 1418 Hispaniisque
945 1347 993 1399 aut
1018 1339 1124 1398 lierent
1142 1348 1190 1399 aut
1210 1341 1251 1400 vi-

161 1423 301 1484 derentur
315 1425 487 1485 admiranda.
518 1425 550 1486 ln
570 1425 674 1505 quibus
689 1423 777 1483 multa
794 1422 936 1484 industria
954 1432 984 1484 et
1006 1423 1158 1502 diligentia
1174 1442 1250 1486 eorn-

161 1516 256 1586 paret,
278 1508 355 1569 nulla
371 1509 511 1570 doctrine.
541 1509 631 1570 Huius
647 1509 684 1570 de
701 1510 759 1568 vita
776 1516 806 1568 et
825 1509 955 1570 moribus
974 1507 1056 1586 plura
1071 1510 1101 1567 in
1119 1526 1156 1568 eo
1173 1508 1285 1573 libro-5

160 1594 310 1672 persecuti
332 1611 447 1672 sumus,
470 1613 555 1674 quem
577 1594 733 1673 separatim
748 1592 784 1653 de
800 1610 837 1653 eo
853 1594 976 1653 lecimus
998 1600 1103 1669 rogatu
1119 1592 1151 1652 Τ.
1169 1593 1252 1653 Pom-

108 1713 111 1719 ·
160 1678 240 1756 ponii
261 1677 359 1740 Attici.
401 1676 497 1752 Quare
527 1679 677 1740 studiosos
698 1675 818 1738 Catonis
846 1676 882 1737 ad
911 1675 982 1736 illud
1009 1676 1146 1737 volumen
1172 1676 1252 1738 dele·

159 1779 268 1840 gamus.

249 2014 372 2093 xxv.
414 2016 460 2091 u.
493 2014 846 2093 Ponnourus
877 1954 1156 2092 ATTIOUS.

227 2153 250 2212 l.
275 2151 306 2212 Τ.
324 2153 546 2233 Pomponius
564 2153 733 2231 Atticus,
756 2153 791 2214 ab
815 2153 929 2231 origine
949 2152 1047 2212 ultima
1073 2154 1173 2232 stirpis
1188 2153 1248 2213 Ro-

158 2256 260 2298 manae
288 2246 464 2316 generatus,
494 2248 641 2318 perpetuo
670 2258 687 2300 a
715 2239 872 2300 maioribus
901 2246 1049 2317 acceptam
1080 2246 1250 2317 equestrem

157 2403 229 2454 rung
261 2386 308 2438 des
338 2388 430 2442 Bildee
466 2389 552 2457 „sich
588 2390 689 2443 darauf
721 2388 839 2454 zdblung
865 2388 914 2440 der
937 2387 1160 2456 Beqebenbeiten
1183 2388 1249 2440 aber

157 2457 294 2511 werlen“.
720 2457 849 2511 bediente
868 2473 897 2509 er
912 2456 978 2508 sich.
989 2472 1042 2508 nur
1060 2457 1109 2508 der
1120 2457 1250 2510 Beaeicb-

191 2533 297 2579 tuntum
311 2543 499 2594 propreerum,
526 2527 561 2578 iar
584 2527 618 2578 D.
638 2527 687 2579 der
721 2544 797 2594 nung
815 2527 911 2580 consul
927 2526 993 2578 oder
1010 2534 1130 2595 praetor.
1219 2558 1222 2563 »

157 2593 260 2648 Plural.
755 2596 899 2666 Hispaniis
921 2595 969 2661 „in
993 2594 1045 2647 den
1064 2595 1162 2647 beiden
1181 2596 1249 2664 Spe·

191 2665 304 2717 Warum
316 2664 404 2732 possit
423 2664 491 2716 nach
508 2665 595 2730 secitl
613 2682 636 2720 s.
650 2681 685 2717 zu
720 2667 814 2733 nien“,
833 2685 855 2720 s.
877 2665 924 2716 das
943 2664 1011 2732 Reg.

155 2734 198 2786 Di.
219 2737 250 2800 9,
269 2736 285 2785 5
310 2733 460 2788 inuitauit.
481 2763 515 2772 -
535 2737 608 2802 quod
623 2737 684 2800 fue·
753 2736 915 2790 admiranda
932 2731 1143 2802 gebdrtsowohl
1155 2735 1249 2800 zufic·

156 2803 206 2867 rit,
225 2803 274 2854 der
290 2803 370 2868 Conj.
389 2804 457 2855 nacb
483 2803 531 2857 der
548 2803 684 2872 allgemei-
718 2815 790 2868 rent.
816 2805 856 2857 als
879 2820 912 2855 zu
935 2804 1091 2857 vibrentur
1112 2803 1247 2871 „geschen

155 2872 352 2938 nenAussege:
366 2889 395 2925 es
407 2873 682 2941 gibtodbndetsicb.
718 2875 839 2928 wiirde“.
862 2872 992 2926 Ersteres
1010 2871 1119 2925 beaieht
1129 2870 1188 2924 sicb
1201 2872 1252 2924 aul

189 2944 212 2995 3.
229 2943 346 2996 instituit
361 2940 415 2995 wie
426 2943 517 2995 Hann.
532 2945 558 3008 9,
570 2949 587 2997 4
598 2944 683 2997 acori-
719 2944 763 2998 die
780 2941 972 2997 weebselnden
989 2941 1160 3008 Ereignlsee,
1181 2941 1248 2994 letn-

147 3013 408 3080 fiecreiustituerat.
422 3011 585 3066 DenPlural
600 3014 682 3066 ttuc·
719 3022 792 3069 terea
815 3014 865 3065 aul
890 3011 935 3064 (lie
964 3010 1128 3064 bleibenden
1156 3010 1248 3063 Mark-

154 3083 210 3134 riue
228 3082 275 3148 gib
294 3081 379 3134 durcb
398 3082 683 3150 ,‚Gescblcbtswerk“.
717 3081 928 3150 wiirdigkeiten.

188 3168 285 3218 omncs,
302 3150 416 3204 nimlicb
433 3151 527 3204 libros.
752 3154 829 3205 nulla
850 3151 974 3204 doctriua
997 3149 1024 3204 d.
1049 3148 1075 3202 h.
1101 3147 1183 3202 kalne
1201 3166 1248 3217 ge-

101 3274 106 3281 ,
187 3225 213 3279 4,
233 3222 401 3288 capitulatim
414 3221 487 3288 „den
499 3221 683 3291 Hauptpunlt·
715 3222 803 3276 lehrte
819 3217 1113 3286 Betrecbtungsweise.

152 3298 198 3340 ten
219 3290 317 3340 necb“.
752 3295 777 3345 5.
795 3290 913 3343 moribus
932 3288 989 3342 wie
1003 3288 1122 3353 Dionl,
1136 3289 1162 3340 3.

186 3366 342 3427 persecutus
373 3365 414 3410 est
449 3359 501 3410 wie
537 3359 626 3413 Praei.
656 3363 682 3412 8.
748 3361 884 3416 studiosos
905 3359 1019 3412 Catonia
1038 3356 1164 3424 ‚‚solche,
1183 3357 1247 3408 wel·

152 3425 263 3479 libanio
282 3431 308 3492 §-
327 3430 353 3481 b·
718 3430 766 3484 ebe
784 3430 844 3483 siclr
862 3426 908 3481 fuir
923 3427 994 3482 Cato
1012 3426 1220 3480 interessiren“.

187 3496 315 3563 diripuit,
343 3511 373 3548 er
401 3494 573 3548 vernicbtete
596 3497 632 3549 im
656 3497 682 3549 J.
753 3517 758 3526 ¹
1297 3503 1300 3507 ’

155 3567 203 3618 150
226 3581 253 3619 v.
273 3564 339 3616 Cbr.
364 3563 448 3617 durcb
469 3564 581 3618 Verratb
601 3566 681 3627 einen
753 3569 785 3634 l,
806 3568 829 3618 l.
849 3567 884 3618 od
902 3563 1171 3631 be'ipenerctuawie
1183 3564 1245 3619 Det.

152 3650 265 3701 gresten
284 3633 363 3686 Theil
389 3631 437 3685 der
454 3633 603 3688 Lusitaner
627 3636 682 3688 und
716 3641 741 3701 2,
760 3640 775 3686 2
794 3643 869 3690 crtus
887 3654 904 3687 a
923 3635 1088 3702 Pylaemene.
1102 3662 1136 3671 —
1150 3634 1246 3688 ultima

89 3714 93 3723 “
151 3703 296 3756 verkeulte
317 3703 362 3755 die
380 3702 505 3772 bbrigen.
716 3707 774 3759 bier
792 3705 861 3770 „der
878 3705 1024 3770 inmerito,
1042 3703 1246 3756 cullerntente“

186 3776 266 3827 duces
293 3789 349 3826 nau
378 3774 527 3826 nominauit
557 3781 604 3825 cet.
640 3773 682 3826 Er
716 3776 743 3827 d.
763 3775 781 3827 l.
800 3773 848 3826 der
867 3773 972 3826 illesic.
1009 3772 1061 3825 Die
1082 3772 1245 3840 Pomponier

151 3845 204 3908 qab
229 3842 345 3895 nianlieb
357 3841 413 3895 bei
432 3843 520 3912 jeten
539 3842 620 3896 Jalue
637 3843 681 3894 die
715 3844 828 3897 leitctcn
848 3842 965 3895 nimlicb
977 3842 1037 3895 ibre
1050 3841 1245 3909 Abstammung

152 3913 253 3964 Neruen
275 3912 324 3965 der
335 3910 459 3965 Cousnln
478 3910 534 3963 und
547 3911 681 3964 Priitoren
715 3930 768 3965 von
803 3914 917 3981 Pompo,
951 3911 1037 3965 einem
1059 3911 1164 3963 -Sobne
1196 3909 1245 3963 des

123 4040 124 4044 Ἰ
151 3981 206 4033 und
231 3982 275 4034 dio
291 3983 446 4035 Provinzeu
465 3999 514 4049 un,
532 3981 561 4034 in
580 3981 681 4035 welche
713 3983 801 4037 Numa
818 3981 975 4051 Pompilius,
992 3982 1050 4035 her.
1112 4008 1118 4022 x

150 4049 189 4102 sle
205 4051 344 4119 geschiclrt
363 4052 492 4118 worden3
509 4052 554 4105 bei
569 4049 618 4105 der
630 4051 706 4103 tte-⁸
746 4061 877 4122 perpetuo
896 4059 1043 4122 equestrem
1064 4048 1181 4104 obtinuit
1204 4047 1244 4102 di·
1332 4111 1333 4114 Ἴ
