2850 4604
497 347 515 387 ,·
584 319 801 379 PRAEFATIO.
884 346 891 350 ·
1214 319 1232 388 3

149 499 239 559 multo
263 499 294 558 iit
317 497 402 559 aliter
424 498 453 556 in
470 494 600 556 Graecia.
641 493 712 555 Nam
735 512 829 572 noque
849 495 878 552 in
901 495 1064 555 convivium
1081 493 1259 556 adhibetur·

150 610 205 669 nisi
227 610 467 687 propinquorum,
487 624 584 684 neque
607 605 692 666 sedet
715 605 770 664 nisi
794 604 823 663 in
843 604 985 667 interiore
1007 614 1091 685 parte
1111 604 1245 683 aedium,v

151 736 225 796 quae
247 719 449 795 gynaeconitis
470 716 648 795 appellatur,
673 733 730 793 quo
753 733 838 774 nerno
861 715 972 776 aooedit
994 717 1049 775 nisi
1072 717 1234 795 propinqua

151 828 327 906 cognatione
346 828 525 903 ooniunotns.
576 825 634 886 Sed
661 825 708 884 hio
736 809 817 904 plara
839 812 977 904 persequi
999 826 1164 904 magnitudo
1184 843 1235 886 vo·
1253 835 1269 886 8

151 937 265 997 laminis
284 937 439 1017 prohihet,
463 945 522 996 tam
542 936 709 1012 festinatio,
733 942 762 994 ut
782 952 818 994 ea
837 935 992 1014 enplioem,¹
1015 954 1089 1014 qaae
1112 955 1236 998 exorsus

151 1066 222 1108 sum.
277 1045 373 1118 Quare
401 1047 438 1107 ad
467 1047 650 1126 propositum
677 1045 827 1106 veniemus
860 1053 891 1105 et
916 1047 947 1105 in
971 1045 1029 1107 hoo
1048 1064 1236 1128 *exponemus

151 1156 229 1217 libro
253 1156 289 1216 de
312 1157 371 1216 vita
393 1154 597 1220 excellentiam
615 1157 828 1234 imperatorum.

152 1359 195 1394 ses
223 1340 424 1409 durohgingen.
454 1369 489 1380 -
515 1340 545 1392 in
573 1341 681 1393 celebri·
741 1339 766 1390 8.
783 1338 883 1406 pluro,
904 1339 929 1392 d,
951 1339 976 1394 h.
1003 1340 1077 1393 mehr
1099 1341 1238 1410 Beispieie

152 1420 207 1465 tato
233 1418 335 1478 „anter
356 1411 415 1462 dena
437 1409 610 1463 zahlroichen
630 1411 682 1462 Bo·
706 1425 761 1461 von
781 1408 829 1460 der
846 1409 1091 1463 verschiedenheit
1113 1412 1163 1464 der
1181 1411 1239 1465 Sit-

150 1480 264 1544 snche“,
280 1481 336 1547 vgl.
351 1482 515 1532 celeberrimo
533 1481 590 1532 loeo
609 1481 681 1532 Dion
706 1485 768 1543 ten3
793 1481 920 1547 persequi
950 1479 1009 1533 hier
1036 1481 1238 1550 „durohgehen

153 1552 228 1617 10‚3.
242 1550 333 1602 Suebo
343 1550 395 1602 den
408 1550 564 1616 Gegenaatz
577 1551 606 1601 in
618 1552 641 1612 §.
654 1553 679 1600 7.
707 1548 881 1604 aufzihlen“.

186 1623 211 1671 7.
236 1622 308 1673 sodet
332 1619 398 1686 „hat
420 1619 497 1671 ihren
520 1618 599 1671 Sitz“
618 1621 644 1669 d.
662 1617 680 1669 i.
741 1619 898 1683 magnitudo
933 1618 1093 1686 voluminis,
1134 1619 1238 1672 hierbei

151 1689 322 1746 Auionthalt.
338 1688 424 1740 Inr'D.
440 1687 505 1755 stige
519 1689 577 1739 dern
595 1689 681 1756 knap-
708 1686 805 1739 dachte
819 1687 856 1742 N.
869 1687 945 1739 nicht
963 1688 1023 1739 blos
1040 1705 1076 1739 an
1092 1688 1141 1740 das
1160 1688 1238 1760 Baeh

152 1777 206 1829 pen
233 1759 280 1812 lat.
308 1757 471 1810 Ausdrucke
496 1759 565 1810 noch
590 1757 681 1808 'hinzu
708 1758 740 1808 de
769 1758 957 1810 excellentibus
992 1758 1104 1811 ducibus
1133 1767 1238 1811 extero-

152 1827 343 1898 „enderewo“.
708 1827 898 1891 renuentium,
914 1825 1031 1879 sondorn
1045 1844 1079 1879 an
1093 1828 1239 1894 dasgenze

185 1898 378 1967 yynoeoonitir,
399 1899 594 1961 γυναικωνῖτις
613 1895 682 1964 „das
709 1895 912 1962 urrriangreiohe
930 1895 1016 1947 Werk
1039 1901 1070 1950 de
1093 1898 1158 1949 virio
1176 1899 1239 1951 tuo-
1261 1919 1263 1922 ’

152 1966 406 2035 Frauengernach“.
707 1966 817 2019 stritus.
838 1966 866 2017 S.
888 1965 932 2018 die
951 1965 1025 2018 Eini.
