2850 4604
208 355 248 419 28
540 366 586 414 1v.
618 364 811 414 Pausanias
834 364 911 414 cnr.
931 361 957 410 2.

207 544 318 605 gener,
328 526 358 585 in
373 525 472 605 primis
488 524 612 585 omnium
626 523 781 585 Persarum
799 531 829 584 et
845 519 1026 583 manufortis
1044 527 1075 584 et
1091 521 1208 583 consilii
1228 523 1291 603 ple·

208 630 277 688 nus,
299 628 362 670 cum
378 609 510 670 ducentis
526 609 640 670 milibus
656 608 800 688 peditum,
822 626 895 687 qnos
919 608 1026 667 viritim
1041 607 1171 687 legerat,
1195 615 1226 668 et
1248 609 1291 668 vi·

208 696 280 776 giuti
297 696 424 774 equitum
442 693 517 755 hand
537 696 577 753 ita
598 711 699 773 magna
721 711 804 753 manu
821 691 961 753 Graeciae
976 692 1093 770 fugatus
1109 690 1174 769 est,
1192 709 1290 772 eoque

174 782 193 840 3'
208 783 272 859 ipse
288 778 345 839 dux
360 779 466 840 cecidit
479 778 604 858 proelio.
632 776 696 851 Qua
710 778 834 838 victoria
846 777 940 838 elatus
951 776 1074 855 plurima
1086 777 1212 838 miscere
1221 795 1292 840 coes

207 866 250 946 pit
268 872 298 925 et
313 865 422 925 maiora
439 864 657 943 concupiscere.
698 860 756 923 Sed
771 863 892 943 primum
914 862 944 922 in
959 879 997 922 eo
1013 868 1060 922 est
1079 861 1290 941 reprehensus,

208 949 286 1028 qnod
308 957 367 1008 tuna
389 966 426 1009 ex
447 947 555 1027 praeda
580 946 724 1027 tripodem
750 965 868 1007 aureum
887 945 1009 1024 Delphis
1033 947 1200 1026 posuisset,
1227 947 1290 1025 epi-

207 1042 365 1112 grammate
381 1035 503 1112 scripto,
519 1034 547 1092 in
562 1050 620 1112 quo
635 1032 708 1093 haec
722 1039 785 1092 erat
796 1031 957 1092 sententia:
974 1048 1028 1091 sno
1044 1029 1131 1092 ductu
1147 1030 1289 1092 barbaros

209 1116 283 1197 apud
305 1116 438 1179 Plataeas
455 1136 524 1178 esse
541 1117 675 1195 deletos,
699 1117 821 1195 eiusque
843 1116 985 1176 victoriae
1002 1131 1075 1193 ergo
1094 1114 1224 1194 Apollini
1239 1109 1290 1177 ilo-x

174 1215 274 1264 4num
299 1201 427 1263 dedisse,
474 1201 536 1264 llos
561 1220 664 1263 versus
691 1200 911 1273 Lacedaemonii
939 1199 1166 1279 exsculpserunt
1193 1218 1289 1279 neque

208 1285 285 1347 aliud
303 1288 483 1364 scripserunt
507 1305 590 1366 quam
604 1287 718 1347 nomina
739 1303 837 1346 earum
854 1286 1018 1363 civitatum,
1040 1303 1159 1364 quarum
1181 1285 1290 1346 auxilio

208 1370 316 1432 Persae
332 1379 415 1432 erant
429 1373 507 1432 victi.

277 1455 304 1516 2,
327 1454 398 1516 Post
420 1456 448 1515 id
470 1456 613 1535 proelium
636 1454 758 1516 eundem
772 1453 940 1516 Pausaniam
955 1472 1018 1514 cum
1036 1453 1131 1514 classe
1147 1455 1290 1514 communi
1308 1454 1316 1465 ¹

156 1557 193 1597 mr
210 1538 335 1620 Cyprum
356 1548 441 1618 atque
465 1539 686 1620 Hellespontum
708 1541 864 1616 miserunt,
882 1548 912 1599 nt
928 1558 965 1599 ex
980 1539 1025 1599 his
1040 1539 1210 1617 regionibus
1226 1539 1292 1600 har-

87 1684 88 1687 ,
173 1638 189 1685 2
208 1626 343 1686 berorum
357 1625 504 1704 praesidia
519 1624 693 1705 depelleret.
722 1623 792 1684 Pari
803 1623 944 1684 felicitate
960 1625 989 1683 in
1006 1641 1040 1684 ea
1056 1641 1090 1684 rc
1097 1642 1171 1711 psus
1183 1623 1288 1684 elatius

207 1729 240 1771 se
262 1729 370 1788 gerere
392 1711 492 1788 coepit
511 1712 697 1790 maioresque
720 1717 861 1789 appetere
878 1728 935 1769 res.
973 1706 1044 1768 Nam
1067 1726 1130 1768 cum
1149 1708 1289 1786 Byzantio

207 1803 375 1874 expugnato
404 1797 536 1875 cepisset
561 1794 725 1874 complures
750 1792 904 1854 Persarum
929 1792 1045 1853 nobiles
1072 1800 1159 1871 atque
1185 1795 1215 1853 in
1244 1793 1289 1854 his

118 1913 119 1916 κ
207 1879 361 1941 nonnullos
378 1882 459 1957 regis
473 1881 669 1960 propinquos,
684 1879 737 1939 hos
756 1878 828 1938 clam
838 1876 929 1937 Xerxi
943 1878 1066 1955 remisit,
1084 1877 1232 1954 simulans,
1251 1897 1290 1938 ex

207 1963 308 2024 vinclis
324 1962 449 2042 puhlicis
467 1964 625 2043 effugisse,
643 1973 673 2024 et
689 1981 752 2024 cum
768 1962 811 2022 his
829 1960 994 2043 (long-ilum
1010 1960 1222 2037 Eretriensem,
1239 1963 1288 2042 qui

206 2048 318 2109 litteras
334 2048 398 2126 regi
419 2047 574 2126 redderet,
598 2050 627 2108 in
649 2048 753 2128 quihus
774 2047 847 2108 haec
868 2048 959 2108 luisse
981 2047 1090 2126 scripta
1105 2045 1288 2124 Thucydides

204 2215 397 2337 nihililli
411 2213 735 2352 ethmpctltltll
761 2211 1036 2337 :illailtttltl
1045 2212 1288 2337 lttlllilsi

398 2325 406 2350 ,
511 2325 516 2334 .
680 2317 736 2337 .-
1277 2316 1291 2329 .

204 2371 288 2407 mmmm
311 2356 392 2421 [ortis
416 2371 491 2422 „von
516 2356 649 2422 tapferem
672 2354 736 2406 Arm
760 2352 1230 2422 tragoderGriechenanlgestellt3
1247 2371 1291 2406 nm
1372 2378 1374 2382 v

205 2424 248 2477 od.
263 2423 419 2492 perminlich
438 2424 560 2494 tapfer“.
578 2454 612 2463 -
631 2426 736 2478 consilii
760 2441 790 2476 so
811 2423 922 2491 grisser
947 2423 1005 2474 also
1028 2421 1072 2474 die
1095 2421 1124 2472 in
1149 2423 1199 2474 der
1221 2424 1290 2476 Auf-

204 2493 385 2563 „Klngheit“.
604 2561 610 2575 ¹
760 2493 859 2545 schrift
875 2492 1032 2544 entheltene
1056 2491 1235 2561 Anmassung.
1255 2522 1297 2536 --
1352 2491 1356 2499 ’

204 2566 550 2700 wlllt'llhltiill
565 2562 735 2684 Pthiis
760 2561 1012 2700 'hitlini'
1026 2561 1192 2686 illlis.
1215 2632 1289 2684 ssu-

204 2720 239 2757 zu
266 2703 352 2754 einem
372 2701 525 2754 besondern
552 2701 652 2753 chck
674 2702 735 2753 kam
761 2703 820 2754 herc
843 2701 903 2752 hier
926 2701 954 2752 in
980 2649 1204 2770 urspringhicher
1236 2701 1289 2752 Be·

204 2771 320 2827 beiden
344 2771 461 2823 Persern
487 2771 560 2821 iifter
581 2788 640 2823 vor.
677 2771 734 2824 Der
760 2771 882 2837 deulung
901 2770 1099 2837 ,‚eingrahen“.

204 2840 345 2893 Anirihrer
366 2839 448 2891 erkor
466 2838 525 2890 sich
551 2838 611 2892 eine
630 2839 735 2894 Sehaar
793 2858 855 2906 erpo
873 2838 1008 2907 „wegen“
1025 2839 1099 2892 steht
1116 2855 1168 2890 nur
1187 2837 1215 2889 in
1233 2839 1290 2890 Ge-

203 2908 301 2970 Edler‚
325 2908 409 2961 deren
432 2908 511 2975 jeder
536 2909 594 2961 sich
613 2908 673 2962 eine
688 2912 735 2963 be·
758 2908 1060 2976 seinen,Beschlu“rssen,
1073 2909 1240 2961 Inschriitcn
1260 2924 1288 2959 n.

205 2979 322 3033 siimmte
345 2977 449 3030 Anzahl
473 2977 522 3030 cler
549 2977 734 3046 Trichtigsten
760 2980 814 3048 dgl.
836 3007 872 3019 —-·
899 2979 1015 3044 dedisse,
1043 2978 1180 3047 Subject?
1207 2994 1229 3033 s.
1254 2994 1289 3029 zu

204 3047 363 3102 answiihlte.
380 3048 440 3100 Von
458 3047 552 3100 diesen
565 3049 661 3101 snc'hte
676 3049 734 3102 sich
757 3067 815 3103 aare
835 3049 969 3101 dedituros
987 3048 1058 3101 Mili.
1078 3052 1109 3115 2,
1124 3053 1150 3102 4.

204 3119 279 3170 daun
294 3117 397 3170 wieder
414 3116 493 3184 jeder
515 3118 649 3171 Elinzelne
673 3118 735 3172 eine
793 3123 819 3170 4.
838 3136 925 3188 meque
944 3119 1019 3172 atton
1036 3133 1080 3186 „m
1098 3117 1187 3170 nichts
1205 3115 1290 3169 ande-

203 3188 354 3240 bestimmte
383 3187 483 3254 Menge
509 3187 558 3240 der
580 3190 734 3256 tapferetcn
759 3188 831 3240 res“.

204 3257 335 3309 Soldaten
352 3273 410 3308 ans.
476 3253 481 3264 “
794 3260 821 3324 2,
843 3262 866 3310 l.
885 3257 1028 3324 commeari,
1047 3255 1126 3312 nimi.
1146 3254 1290 3325 Graeciae,

238 3329 314 3380 lanu
344 3328 384 3379 ita
417 3342 517 3391 mupma
553 3325 654 3393 „nicht
686 3344 736 3392 gar
759 3345 782 3379 s.
800 3326 848 3382 Ar.
869 3331 900 3393 2,
916 3332 941 3379 2.

204 3399 311 3465 gross“.
349 3399 406 3447 Das
427 3402 573 3462 gesammte
592 3397 666 3448 Heer
685 3397 734 3449 der
793 3398 907 3466 Cyprum
934 3404 1030 3464 ,atque
1073 3396 1289 3464 Hellespontum,

204 3466 337 3518 licllenen
363 3465 409 3518 bei
432 3465 530 3519 Platiii
552 3467 641 3518 zihlte
662 3484 736 3518 zwar
759 3465 826 3521 iiber
836 3465 888 3518 den
900 3465 1009 3518 blossen
1028 3464 1127 3518 Aecus.
1138 3481 1160 3517 s.
1171 3480 1205 3516 zu
1217 3463 1288 3516 Milt.
1337 3527 1344 3533 ἢ

204 3535 271 3588 iiber
300 3535 401 3588 looooo
426 3533 526 3602 Manu,
553 3552 595 3588 am
619 3535 735 3604 Kampie
761 3538 790 3602 l,
811 3539 823 3587 l
842 3536 1043 3589 Chersonesum.

205 3605 271 3659 aber
294 3603 406 3656 nahmen
430 3621 483 3656 nur
506 3603 550 3657 die
571 3606 733 3658 Lacediimo-
793 3607 819 3656 2.
835 3623 916 3665 usus,
941 3621 963 3660 s,
980 3621 1015 3657 un
1038 3602 1109 3655 Mitt.
1128 3605 1163 3669 8,
1183 3605 1199 3657 3
1218 3620 1290 3671 quac

205 3675 278 3738 nien,
299 3672 479 3726 Athenienses
504 3674 558 3726 nnd
591 3676 732 3744 Tegeates
758 3676 879 3727 libertate
890 3692 942 3727 ura
960 3682 1007 3727 eat.
1022 3703 1057 3712 -
1068 3674 1203 3744 cffuqiarc,
1219 3673 1290 3724 Sub-

205 3743 296 3796 Theil.
317 3771 348 3780 -
373 3744 516 3810 Graecina,
541 3745 576 3797 im
598 3746 632 3798 D.
658 3749 733 3798 setae
755 3744 872 3812 jectis.
893 3760 927 3794 an
945 3746 1016 3810 effici
1032 3742 1198 3812 porscMilt.
1215 3744 1246 3804 3,
1262 3747 1288 3794 4.

205 3814 258 3866 den
276 3812 467 3865 Vollrsnnmen.
758 3814 799 3866 Zn
817 3815 965 3882 Gompplmm
989 3813 1115 3866 entnimm
1139 3828 1187 3865 ans
1212 3811 1290 3864 remi·

240 3885 266 3937 3.
277 3883 385 3935 miscere
397 3881 457 3935 hier
472 3882 673 3951 „Verruirrnng
689 3884 732 3942 od.
759 3886 796 3937 sit
813 3883 862 3935 das
880 3883 1004 3936 einiache
1018 3885 1100 3935 misit.

204 3951 378 4019 Unordnung
395 3950 557 4008 anstiften‘fl
793 3955 902 4006 reddere
932 3953 990 4004 hier
1029 3950 1201 4019 „abgeben“,
1231 3967 1289 4002 was

240 4025 311 4090 quod
327 4051 361 4060 -
378 4023 521 4091 posuisset,
534 4020 666 4073 Gedanlre
684 4021 733 4073 der
758 4039 818 4075 man
828 4039 878 4075 nur
888 4021 1219 4089 Bestellungcmpfangen
1231 4019 1288 4072 hat.

206 4090 375 4145 'Padelndem
392 4091 734 4144 DerDreifnsswarnicht
795 4093 962 4160 Thucydidas
997 4091 1138 4144 memoriae
1168 4090 1291 4160 prodidit
