2850 4604
184 313 244 380 90·
484 329 541 379 su.
573 328 825 379 nrnuuuounus
849 329 925 378 cur.
940 325 968 378 ι.

184 483 309 564 pendum
323 494 504 567 susceperat.
535 484 589 548 Hie
611 504 716 564 magno
744 504 808 548 eum
825 484 957 566 pondere
977 485 1040 546 anri
1056 482 1172 546 'l'hebes
1192 488 1279 549 venit

184 578 216 630 et
229 569 387 651 hlicpthum
400 571 650 633 adolescentulum
663 573 790 651 quinque
804 570 921 632 talentb
937 569 974 630 ad
985 588 1065 630 suam
1076 570 1214 650 perduxit
1224 589 1281 635 ro·

184 654 332 728 luntatem,
357 674 444 735 quem
460 666 519 716 tum
532 655 746 735 Epaminondas
770 656 922 736 plurimum
942 650 1091 733 diligebat.
1128 654 1278 734 liopthns

183 738 408 821 Epaminondam
423 743 563 802 convenit
583 749 614 800 et
630 760 745 802 cansam
761 741 902 801 aduentus
915 738 1118 800 Diomedontis
1133 741 1276 803 ostendi.

150 838 167 888 2
184 826 224 884 At
239 823 290 885 ille
302 823 488 886 Diomedonti
503 842 601 887 eoram
615 825 717 887 ‘Nihil'
735 827 829 904 inquit
842 828 929 904 ‘opus
941 825 1063 903 pecunia
1075 833 1131 886 est.
1153 823 1233 890 Nam
1246 827 1277 888 si

184 927 240 969 rex
256 926 292 969 ea
308 909 381 986 vult,
396 927 471 988 quae
485 909 631 970 Thebanis
649 919 716 971 sunt
730 911 824 986 utilia,
840 911 933 986 gratis
947 910 1047 971 iacere
1062 928 1125 970 sum
1138 919 1275 988 paratum

184 995 230 1054 sin
248 1001 343 1054 autem
359 995 516 1071 contraria,
531 995 693 1055 nonhabet
708 997 770 1056 anri
786 1003 874 1073 atque
897 995 1012 1074 argenti
1030 995 1112 1055 satis.
1142 993 1278 1075 Namque

150 1077 266 1144 3'orbis
291 1086 434 1138 terrarum
455 1077 571 1138 divitias
594 1081 730 1159 accipere
760 1078 830 1138 nolo
855 1096 909 1156 pro
930 1080 1042 1158 patriae
1069 1080 1201 1140 caritate
1231 1077 1278 1141 Tu

187 1160 266 1239 quod
279 1180 325 1222 me
342 1163 520 1239 incognitum
535 1164 653 1224 tentasti
663 1166 763 1242 tuique
775 1161 899 1223 similem
911 1163 1097 1240 existimasti,
1112 1181 1171 1223 non
1183 1164 1278 1224 miror

187 1245 299 1324 tibique
313 1248 453 1325 ignosc03
472 1248 525 1308 sed
540 1248 686 1325 egredere
699 1266 841 1327 propere,
858 1265 895 1306 ne
909 1247 985 1307 alios
1002 1265 1188 1326 corrumpas,
1210 1265 1278 1308 cun

74 1396 78 1407 ,
186 1348 233 1390 me
248 1348 307 1390 non
321 1333 464 1410 potueris.
494 1331 532 1392 Et
546 1339 594 1409 tu,
608 1332 752 1409 hlicythe,
768 1339 920 1408 argentum
936 1331 1003 1391 huic
1016 1330 1125 1408 redde,
1148 1340 1197 1392 aut
1217 1333 1277 1393 uisi

152 1419 169 1468 4
187 1414 216 1474 id
232 1415 387 1475 confestim
400 1415 490 1494 iacis,
513 1433 572 1494 ego
595 1426 625 1478 te
646 1417 753 1477 tradam
769 1416 972 1492 magistratui?
1010 1414 1093 1476 Hunc
1111 1414 1277 1477 Diomedon

186 1517 251 1558 cum
265 1509 396 1577 rogaret,
412 1508 443 1560 ut
458 1509 521 1561 tuto
537 1503 633 1562 exiret
648 1520 769 1581 suaque,
785 1518 860 1579 quae
875 1500 1022 1578 attulerat,
1034 1500 1139 1561 liceret
1150 1498 1276 1562 efferre:

185 1583 283 1644 ‘istud
297 1584 430 1663 quidem’
451 1587 544 1664 inquit
563 1587 813 1664 ‘faciamusque
835 1593 884 1644 tua
898 1602 984 1645 causa
1007 1584 1060 1645 sed
1079 1602 1161 1662 mea,
1181 1602 1232 1662 ne,
1248 1585 1277 1645 si

186 1669 239 1728 tibi
253 1670 292 1729 sit
306 1672 429 1748 pecnnia
449 1671 598 1750 adempta,
621 1671 726 1750 aliquis
742 1669 836 1746 dicat,
858 1667 938 1728 idad
952 1688 997 1730 me
1022 1677 1155 1748 ereptum
1170 1687 1277 1748 perve-

151 1760 168 1812 5
186 1755 279 1832 nisse,
295 1754 374 1833 quod
388 1754 514 1815 delatum
530 1757 666 1834 accipere
681 1754 863 1815 noluissem?
895 1753 922 1812 A
938 1771 996 1832 quo
1012 1771 1076 1813 cum
1096 1755 1278 1832 quaesisset,

185 1856 243 1916 quo
266 1858 300 1899 se
321 1839 423 1900 deduci
439 1838 549 1918 vellet,
572 1848 603 1901 et
625 1839 676 1900 itte
693 1839 824 1900 Athenas
839 1837 979 1914 dixisset,
995 1837 1171 1916 praesidium
1184 1836 1278 1915 dedit,

185 1930 216 1982 nt
231 1931 293 1982 tuto
309 1926 488 2003 perveniret.
522 1923 627 2003 Neque
642 1942 716 1985 vero
732 1923 761 1983 id
776 1923 848 1983 satis
863 1921 973 1998 habuit,
994 1922 1167 1999 sedetiam,
1184 1931 1216 1982 ut
1235 1924 1277 1983 in-

184 2007 313 2067 violatus
330 2009 359 2067 in
372 2026 474 2068 navem
487 2009 675 2085 escenderet,
691 2026 745 2087 per
758 2004 911 2066 Chabriam
925 2006 1149 2083 Atheniensem,
1167 2006 1206 2066 de
1217 2024 1277 2086 qno

187 2108 275 2168 supra
294 2093 473 2152 mentionem
487 2094 621 2170 fecimus,
640 2092 747 2154 effecit.
779 2091 985 2151 Abstinentiae
1000 2093 1057 2152 erit
1072 2090 1129 2151 hoc
1144 2091 1217 2152 satis
1233 2099 1277 2151 te·

150 2185 168 2236 6
186 2176 360 2240 stimonium.
388 2176 515 2237 Plurima
532 2178 649 2256 quidem
663 2177 800 2255 proierre
815 2193 981 2255 possumus,
1006 2175 1061 2236 sed
1079 2175 1182 2235 modus
1199 2174 1280 2236 adhi-

185 2257 298 2320 bendus
313 2268 369 2336 est,
384 2263 521 2338 quoniam
534 2279 591 2321 uuo
606 2261 663 2322 hoc
673 2260 820 2321 volumine
833 2261 921 2319 vitam
931 2259 1137 2323 excellentium
1148 2261 1280 2321 virorum
1338 2330 1342 2339 Ι

218 2446 345 2513 perduxit
367 2461 508 2513 „gewann
528 2445 577 2499 ihu
596 2446 642 2498 fuir
659 2449 719 2485 —“
775 2448 802 2496 4.
815 2444 915 2511 exiret,
927 2443 1069 2513 denConj.
1082 2443 1280 2498 bezeichneirn

184 2517 349 2568 uoluntatem
361 2517 414 2568 wie
431 2515 496 2583 Lyn.
510 2520 541 2583 2,
553 2517 579 2568 3.
740 2513 774 2567 D.
791 2512 878 2565 durch
890 2513 1046 2580 „honnen“
1059 2512 1104 2566 od·
1116 2512 1280 2580 „dhrfen“.

219 2585 358 2652 diiipebut,
374 2584 441 2637 fiber
460 2585 505 2638 die
518 2584 577 2637 hier
591 2585 719 2639 berflhrie
775 2599 844 2652 puae
861 2585 1005 2649 attulerat,
1029 2601 1051 2635 s.
1069 2599 1104 2635 zu
1119 2583 1191 2638 Milt.
1211 2585 1244 2652 3,
1259 2589 1279 2636 4

184 2652 258 2706 sine
272 2653 321 2706 der
333 2653 470 2707 Grieebeu
485 2671 506 2706 ι.
524 2670 557 2706 zu
571 2655 631 2706 Alc.
649 2659 680 2721 2,
694 2659 719 2706 2.
741 2670 811 2721 pune
821 2669 911 2704 aecum
925 2659 1137 2721 bomporturat.

219 2723 355 2786 conuenit,
372 2739 394 2775 s.
412 2738 446 2774 nu
466 2725 523 2776 eiua
539 2725 720 2777 conveniundi
775 2722 854 2773 Istud
865 2723 984 2789 puidam,
1003 2738 1061 2776 was
1072 2721 1109 2773 du
1123 2721 1159 2774 du
1170 2721 1280 2782 bitteet.

184 2791 243 2843 Ale.
254 2794 285 2857 9,
298 2794 364 2844 5.-
374 2793 490 2845 οσιειιάἰι
502 2792 553 2844 wie
564 2792 633 2846 Con.
648 2795 679 2861 3,
693 2797 718 2848 2.
727 2788 866 2855 'zugieieh
889 2791 937 2842 mit
959 2790 1019 2843 dern
1039 2789 1200 2843 Auedrncke
1230 2791 1281 2844 der

219 2880 244 2928 2,
266 2875 437 2930 mmmm,
450 2878 546 2943 geba„
562 2895 596 2930 ,u
613 2881 718 2948 ςψίιὶ
740 2859 932 2943 Veraehtnng‚
951 2861 1001 2912 der
1011 2860 1084 2912 efter
1094 2859 1123 2910 in
1135 2861 1186 2914 iste
1198 2859 1279 2927 liegt.

184 2962 287 3008 coram,
299 2943 418 2997 Adverb.
432 2946 499 3009 „ius
511 2947 661 3000 cesione&
739 2928 833 2981 vebis
845 2932 950 3013 ΜΨ
966 2947 988 2984 ⁸·
1003 2946 1037 2981 ²¹¹
1051 2929 1146 3012 Th‘ffl·
1160 2930 1207 2994 ¹⁰⁹
1220 2931 1248 2984 3·

220 3014 298 3066 Nihii
308 3014 383 3066 steht
396 3015 530 3067 zuweilen
542 3017 583 3068 als
594 3017 719 3071 starkere
774 3015 860 3066 ”ciui
876 3017 929 3052 ΜΘ
941 3016 970 3050 ¹¹¹
983 3016 1070 3067 ΜΨ
1083 3016 1171 3052 '⁸¹⁸⁰'
1182 2997 1277 3052 ΤῙΙθΙ·

184 3082 324 3149 Negation
346 3082 391 3136 fuir
408 3100 464 3137 non
485 3102 559 3153 „gar
579 3086 668 3153 nicht,
689 3088 719 3139 in
740 3069 805 3130 θνῙ·
916 3135 921 3146 ,
963 3135 968 3147 ,
1140 3134 1148 3149 ‚
1261 3143 1268 3158 ¹

184 3151 279 3204 hainen
292 3152 418 3209 wem&
775 3153 809 3188 ne
830 3165 863 3172 —
884 3136 994 3202 uliquis,
1016 3149 1040 3184 s.
1060 3150 1094 3186 nu
1114 3135 1184 3186 Drou
1207 3135 1238 3199 8,
1262 3138 1279 3186 2

741 3207 797 3258 niai
808 3205 891 3256 alicui
908 3219 1020 3256 suorum
1036 3207 1171 3270 nepotiurn
1188 3205 1275 3259 daret.

741 3274 839 3343 Epam.
852 3273 938 3324 meint
951 3279 1033 3325 unter
1045 3275 1142 3342 aiipuia
1152 3272 1280 3326 deuDio·

741 3343 837 3396 medon
848 3342 943 3395 selbot.
1083 3410 1102 3438 ιι
1204 3410 1216 3422 „

220 3463 340 3530 occipere
352 3465 427 3528 noio,
442 3464 477 3515 im
494 3462 528 3515 Ι).
545 3465 593 3517 unit
604 3465 720 3517 Umheb-
743 3410 1076 3535 weerpsstffif’s'ssefflk
1087 3409 1276 3533 αὲιέἅῗὴῃι

184 3546 258 3599 rung
274 3531 323 3584 des
340 3534 471 3600 Objeetes
488 3533 552 3601 „ich
569 3534 626 3586 will
648 3535 723 3588 nicht
777 3555 803 3603 5⁴
834 3552 980 3619 ,mam
998 3582 1029 3590 -
1049 3549 1174 3615 mm,
1198 3566 1222 3602 3,
1245 3565 1281 3600 ω

186 3600 349 3667 Ιῑῖῦζθῦθῐῑιῗ
744 3619 815 3672 Mitt.
833 3622 892 3683 1,3
910 3621 938 3670 id
948 3621 974 3672 ai
989 3620 1127 3685 fecissent.
1145 3647 1182 3656 -
1197 3620 1278 3672 Atta

219 3237 260 3288 Zu
272 3239 316 3290 oin
329 3256 429 3303 „wenn
442 3241 531 3292 aber“
542 3240 607 3294 tritt
619 3243 718 3295 nuwei-

185 3307 230 3358 len
253 3323 303 3359 zur
323 3309 512 3377 Verstuirknng
539 3310 586 3363 des
611 3313 721 3380 Gegan-

187 3384 279 3427 satzes
292 3377 360 3428 noch
372 3387 468 3432 cutm

221 3686 245 3736 3.
278 3686 323 3739 Tu
341 3686 389 3739 mit
407 3687 617 3741 verhchtliebern
631 3689 723 3742 Nach·
744 3707 810 3750 nas,
824 3688 904 3739 ninii.
916 3690 1024 3740 nocito
1036 3688 1139 3739 deduci.

187 3755 269 3807 druch
295 3754 380 3808 soviei
399 3757 453 3809 alsa
477 3757 522 3809 ein
539 3757 653 3810 Menseb
671 3759 724 3812 wie
779 3758 955 3811 nannenten
972 3756 1109 3823 „hieites
1121 3755 1280 3825 ffirgcnug,

186 3824 233 3876 du.
247 3851 283 3862 -
294 3826 457 3891 incognitum
470 3827 528 3879 lbse
539 3828 624 3881 durch
638 3866 655 3895 ‚‚
664 3828 698 3881 da
707 3829 724 3857 ‘⁴
732 3858 736 3864 ·
745 3845 803 3880 war
815 3826 899 3879 demit
911 3826 1086 3879 zufrieden“.

186 3893 246 3946 aui.
778 3898 804 3949 6.
826 3886 935 3951 thuin.
948 3898 998 3949 huc
1009 3894 1188 3948 testimoniatus
1195 3894 1281 3948 abati

221 3980 277 4015 non
292 3963 381 4025 miror,
394 3978 418 4014 s.
434 3978 468 4013 nn
481 3963 528 4016 Ar.
540 3966 572 4032 3,
585 3969 601 4018 2
619 3966 722 4018 nuiium
744 3968 851 4018 nentina
862 3965 914 4018 erit
924 3967 1000 4017 satis.
1009 3994 1043 4003 —
1052 3963 1281 4032 panormum)

188 4040 228 4083 eat
239 4033 337 4086 certina
351 4032 487 4085 indicium.
742 4036 888 4103 moratica
902 4034 972 4101 „fuir
981 4033 1041 4086 sich
1056 4032 1174 4088 attunt
