2850 4604
482 336 582 395 xtnr.
613 336 774 420 numanae
798 335 873 396 ona.
892 331 919 395 t.
1189 324 1248 397 115
1304 294 1308 298 ’

162 496 256 581 quoad
270 500 431 563 Alexandri
445 502 520 562 lilius
533 520 654 581 regnum
670 503 898 582 adipisceretur;
922 505 967 564 sin
981 501 1075 582 aliqua
1089 504 1248 584 cupiditate

161 596 317 666 raperetur
334 588 363 647 in
378 586 588 665 Macedoniam,
606 588 833 649 oblivisceretur
851 591 975 648 omnium
990 590 1156 650 iniuriarum
1173 598 1204 650 et
1218 591 1248 650 in

161 674 305 732 neminem
321 671 476 733 acerbiore
492 681 624 733 uteretur
639 674 772 751 imperio.
801 672 909 733 Horum
923 673 973 734 illa
988 673 1058 734 nihil
1074 675 1154 735 lecit.
1176 673 1247 735 Nam
1265 679 1282 731 3

162 765 192 816 ct
208 758 237 815 in
252 755 450 817 Macedoniam
464 758 598 835 profecta
613 766 659 818 est
673 766 704 817 et
719 759 759 818 ibi
776 757 977 818 crudelissime
993 778 1026 819 se
1041 761 1144 835 gessit.
1169 757 1249 821 Petit

158 843 255 901 autem
269 840 305 902 ab
320 840 451 902 Eumene
470 842 609 919 absente,
635 862 672 902 ne
694 849 855 920 pateretur,
886 840 1012 921 Philippi
1030 844 1130 903 domus
1157 862 1190 903 ac
1208 845 1248 904 la·

157 925 254 986 miliae
270 927 484 987 inimicissimos
500 929 622 1005 stirpem
638 943 755 1005 quoque
773 912 960 1004 interimere,
985 928 1137 1005 terretque
1161 946 1248 1007 opem

157 1009 260 1070 liberis
275 1009 445 1071 Alexandri.
476 1007 567 1082 Quam
581 1013 695 1070 veniam
713 1013 738 1070 si
753 1011 846 1087 daret,
861 1029 945 1089 quam
962 1015 1083 1089 primum
1099 1015 1247 1073 exercitus
1265 1020 1282 1067 4

156 1103 286 1173 pararet,
304 1113 378 1174 quos
397 1095 454 1155 sibi
471 1094 602 1154 subsidio
619 1095 785 1156 adduceret.
818 1094 850 1155 ld
867 1113 924 1173 quo
940 1095 1053 1155 facilius
1070 1095 1193 1173 iaceret,
1213 1117 1247 1157 se

102 1182 104 1186 ”
156 1179 289 1240 omnibus
304 1180 482 1258 praelectis,
505 1181 553 1257 qui
572 1181 601 1239 in
617 1180 714 1240 officio
731 1180 901 1256 manebant,
926 1181 1042 1240 misisse
1063 1180 1193 1257 litteras,
1217 1189 1249 1239 ut

158 1264 186 1322 ei
202 1272 341 1342 parerent
362 1265 485 1343 eiusque
501 1264 632 1324 consiliis
649 1271 811 1324 uterentur.
842 1262 894 1337 llis
913 1264 1002 1325 rebus
1018 1263 1164 1336 Eumenes
1180 1284 1247 1344 per·
1265 1265 1281 1315 5

156 1357 252 1422 motus
269 1349 359 1408 satius
375 1348 467 1425 duxit,
483 1350 508 1408 si
523 1350 563 1409 ita
581 1349 698 1409 tulisset
713 1349 840 1426 fortuna,
855 1349 954 1428 perire
978 1348 1055 1409 bene
1073 1350 1185 1415 meritis
1201 1369 1247 1410 re·

131 1430 303 1493 ·lerentem
317 1433 450 1511 gratiam,
467 1451 551 1512 quam
566 1434 709 1511 ingratum
724 1435 835 1494 vivere.
879 1485 881 1488 .

219 1519 246 1576 7.
263 1517 366 1597 ltaque
382 1519 483 1596 copias
501 1520 664 1595 contraxit,
685 1517 793 1579 bellum
815 1517 955 1578 adversus
972 1517 1149 1596 Antigonum
1170 1537 1247 1580 corn·
1298 1571 1302 1580 .

155 1603 276 1680 paravit.
316 1599 401 1674 Quod
425 1621 481 1662 uua
506 1612 589 1663 erant
608 1602 785 1663 Macedones
808 1602 974 1682 complures
995 1604 1130 1680 nobiles,
1150 1606 1181 1663 in
1201 1603 1246 1663 his
1261 1619 1297 1660 arr

153 1684 328 1764 Peucestes,
344 1687 392 1764 qui
409 1690 544 1766 corporis
559 1696 659 1748 custos
675 1687 771 1748 iuerat
787 1685 963 1763 Alexandri,
982 1695 1040 1745 tum
1061 1696 1156 1747 autem
1173 1687 1247 1748 obti-

154 1771 242 1830 nebat
259 1770 432 1848 Persidem,
456 1780 486 1832 et
503 1774 685 1850 Antigenes,
707 1774 788 1832 cuius
812 1771 865 1832 sub
888 1772 1012 1849 imperio
1038 1771 1163 1850 phalanx
1184 1780 1247 1832 erat

153 1853 360 1916 Macedonum:
382 1855 518 1917 invidiam
536 1876 644 1917 verens
662 1858 761 1936 (quarn
778 1865 874 1916 tamen
895 1854 1028 1932 effugere
1048 1872 1106 1915 non
1123 1858 1246 1935 potuit),

154 1941 180 1998 si
195 1941 293 2017 potius
309 1941 375 2018 ipse
392 1940 556 2018 alienigena
575 1943 675 2000 summi
691 1942 807 2019 imperii
829 1941 974 2019 potiretur
991 1957 1075 2017 quam
1090 1939 1138 2000 alii
1152 1939 1247 2001 blace-
1265 1956 1281 2003 2

155 2022 272 2102 donum,
287 2041 408 2102 quorum
424 2025 464 2084 ibi
480 2034 543 2087 erat
558 2023 723 2103 multitudo,
738 2027 768 2084 in
786 2025 937 2104 principiis
953 2023 1114 2085 Alexandri
1130 2027 1247 2086 nomine

153 2173 359 2242 deru'vorherg.
377 2193 420 2229 aa.
447 2176 557 2230 Ilbenso
574 2179 599 2241 S.
621 2177 637 2228 3
656 2192 691 2228 zu
712 2175 760 2228 der
776 2178 875 2226 Accua.
896 2194 919 2227 c.
939 2174 994 2227 Inf.
1014 2175 1069 2229 ab?
1086 2193 1108 2230 s.
1127 2192 1162 2228 zu
1177 2177 1261 2242 tace-¹

150 2246 287 2313 ferretque
305 2263 387 2314 opem.
709 2255 759 2315 pta
776 2263 908 2314 prospera
920 2247 1021 2311 futura
1037 2245 1108 2301 Mitt.
1128 2248 1162 2311 l,
1173 2249 1199 2302 3.
1214 2276 1248 2284 --

187 2317 338 2367 Alexandri
344 2316 431 2384 silias,
445 2315 493 2368 der
506 2313 607 2366 darnals
619 2320 690 2366 etwa
711 2316 758 2384 pari
783 2318 811 2367 r'rr
829 2315 919 2382 officio
936 2316 1094 2378 manebant,
1117 2317 1162 2368 eiu
1181 2317 1247 2368 Satn
1284 2368 1286 2373 ,

152 2383 322 2452 iiinfjdhrige
333 2386 495 2438 Alexander.
520 2384 575 2437 Der
590 2384 690 2436 andere
710 2385 763 2447 wie
777 2401 845 2453 quos
858 2403 946 2438 sacam
958 2393 1163 2453 transportaret
1174 2386 1247 2439 Milt.

152 2453 227 2505 Sobu
245 2453 401 2508 Alexander
419 2455 468 2507 des
480 2455 530 2506 Gr.
549 2454 621 2506 hiens
635 2453 690 2505 He·
711 2456 743 2520 3,
760 2459 786 2506 4.

152 2523 248 2576 reales.
555 2534 558 2540 ‘
744 2530 888 2577 uterentur
904 2522 1101 2591 „bet‘olgten“.

186 2595 230 2646 ain
248 2593 343 2660 aliqua
364 2589 647 2658 „cinebescndere“,
666 2608 689 2644 s.
746 2597 772 2649 5.
806 2595 922 2658 {ortana
937 2594 993 2657 sert
1012 2591 1133 2658 „bringt
1153 2609 1181 2644 es
1200 2591 1249 2644 mit

152 2679 185 2715 zu
204 2661 275 2713 Dion
293 2665 325 2727 4,
348 2664 360 2713 l
381 2678 415 2714 ne
433 2663 552 2730 aliquam
571 2662 689 2714 occasio·
711 2663 784 2728 sich,
803 2663 865 2728 iligt
881 2660 944 2717 es“.

151 2749 212 2786 nem
224 2733 269 2784 sui
284 2732 360 2784 daret
371 2732 547 2799 opprimendi.
560 2759 594 2768 —
609 2749 689 2800 rapa·
744 2732 928 2798 benemeriti,
953 2730 989 2783 im
1012 2730 1048 2782 D.
1075 2730 1131 2783 ein
1154 2731 1248 2785 Subst.

110 2802 113 2815 ‘
151 2810 226 2855 ratur
245 2800 328 2865 „sich
347 2800 498 2852 sortzieben
517 2800 631 2853 liesse“.
710 2831 745 2840 —
769 2803 928 2867 referentem
950 2802 1067 2866 qratiam
1083 2800 1135 2854 wie
1154 2799 1247 2853 There.
1334 2822 1338 2830 ·

186 2872 435 2924 oblivisceretur-
452 2880 575 2925 atteretur
591 2871 689 2938 („aus·
710 2877 742 2938 8,
763 2875 787 2922 7.

151 2940 275 3006 iibte“),
302 2939 427 2993 darselbe
452 2940 619 3007 Conjunctiv
637 2939 689 2993 wie
746 2942 811 3006 Ἱ,·1.
831 2938 1248 3007 comparauit,1'iberdasdsyn-

150 3028 219 3079 opas
235 3013 360 3074 facerent
378 3009 471 3062 Thero.
486 3011 517 3074 6,
531 3013 557 3063 5.
576 3008 688 3060 Ebenso
711 3013 791 3065 deton
810 3027 831 3064 s.
851 3025 885 3060 zu
896 3009 961 3076 Lyn.
981 3013 1012 3074 4,
1030 3011 1054 3061 2.

151 3084 176 3145 S.
190 3084 208 3132 4
221 3089 344 3147 pararat.
358 3107 386 3117 -
400 3080 536 3132 acerbiore
547 3078 688 3131 ubersetze
743 3096 815 3143 una,
834 3079 953 3131 Adverb.

152 3150 223 3209 uach
240 3149 349 3207 liberius
367 3149 460 3202 Thero.
483 3151 513 3217 1,
532 3154 560 3202 2.
743 3149 979 3218 corporiscuatos,
997 3165 1020 3202 s.
1032 3145 1192 3209 audouario
1205 3163 1249 3198 co-

188 3221 214 3272 3.
233 3220 326 3273 domm
344 3228 370 3273 et
381 3220 502 3284 familiae
520 3218 618 3283 „Heus
631 3217 687 3270 und
709 3237 779 3273 rona
798 3217 895 3283 Thrae.
915 3219 947 3283 4,
965 3219 990 3288 l.

150 3287 265 3340 Familia
273 3289 299 3353 “,
319 3306 349 3341 so
367 3289 429 3341 dass
443 3294 561 3341 ersteres
575 3287 619 3339 die
630 3292 687 3339 An·
743 3288 884 3357 phalanx,
901 3303 925 3336 s.
942 3301 976 3337 zu
997 3285 1096 3337 Chabr.
1116 3286 1145 3349 l,
1164 3287 1189 3337 2.

151 3357 299 3423 gehdrigen
319 3357 366 3408 des
384 3357 557 3424 kdniglichen
569 3357 685 3424 Hauses,
744 3359 801 3410 Vor
823 3356 952 3408 invidiam
970 3372 1065 3408 carens
1083 3353 1162 3407 stelle
1177 3353 1249 3407 heim

151 3427 278 3508 lepzteres
304 3425 349 3478 die
377 3427 619 3479 Vernandtscbast
641 3428 688 3479 be·
709 3429 897 3481 Uebersetaeu
914 3426 1021 3478 atatait.

151 3494 286 3548 uercbnet.
328 3495 459 3549 Aebulich
486 3497 568 3549 stand
595 3498 687 3549 domus
744 3513 824 3566 quom
840 3503 929 3547 tumen
944 3498 1063 3564 effocare,
1078 3510 1134 3547 non
1148 3495 1247 3562 putuit,

150 3566 246 3619 Tbern.
273 3566 304 3630 9,
327 3568 352 3616 2.
381 3593 416 3604 —-
441 3568 551 3634 stirpam
574 3584 687 3635 quoquc,
709 3567 762 3620 wie
782 3564 901 3618 uachber
919 3564 977 3616 sein
995 3563 1075 3616 Eudo
1092 3563 1203 3615 bewies.

149 3632 280 3702 Philippi.
743 3637 770 3690 aa·
784 3635 875 3704 potiar
890 3642 939 3686 cet.
956 3633 1052 3702 gebdrt
1069 3649 1103 3685 zu
1119 3633 1248 3686 inuidiam

184 3707 212 3757 4.
232 3703 338 3756 ueniam
347 3705 424 3758 daret
436 3703 488 3757 wie
502 3704 595 3760 Tbem.
608 3705 649 3768 10,
664 3705 688 3758 l.
710 3722 820 3758 marenca.v
831 3722 868 3744 ‘—
882 3705 1034 3770 alienipana
1050 3703 1110 3770 „ala
1123 3703 1167 3755 ein
1182 3703 1247 3753 -—“.

185 3774 396 3843 quamprimum
412 3791 467 3840 „so
484 3773 544 3827 bald
560 3773 600 3826 als
614 3775 688 3844 mdg—
744 3775 840 3829 summi
857 3773 974 3842 irruperit,
997 3791 1022 3826 a.
1040 3773 1182 3825 auctuario
1199 3773 1247 3823 lto-

150 3843 241 3910 liclr“,
260 3860 282 3896 s.
301 3859 335 3895 zu
353 3843 445 3907 Tbern,
465 3845 494 3907 6,
513 3848 531 3896 4
547 3862 628 3912 qaam
645 3843 687 3896 in·
709 3846 790 3899 adum
807 3850 846 3896 art
862 3842 965 3912 potitus
983 3842 1049 3910 hya.
1063 3846 1090 3910 l,
1105 3846 1130 3894 4.
1149 3871 1184 3879 -
1200 3840 1250 3892 alii

148 3914 322 3979 durissimos.
341 3941 376 3952 -
393 3915 604 3981 exercituales
623 3912 688 3965 Plu·
709 3915 892 3968 Macedonum
918 3912 1067 3985 „andere
1091 3911 1169 3963 ndml.
1193 3926 1247 3960 von

150 3982 191 4036 rul
207 3983 261 4035 wie
279 3983 372 4036 Thero.
391 3988 422 4048 2,
441 3987 467 4037 5.
709 3985 762 4039 (lou
780 3981 1027 4037 Macedoniarn&

183 4051 689 4121 aa-mirisrctlttcros,wovonbingt
739 4057 771 4107 2.
799 4052 936 4122 principia
960 4053 1032 4106 lrieas
1057 4048 1102 4103 bei
1119 4048 1172 4102 deo
1191 4044 1247 4100 Rb-
