2850 4604
269 325 288 388 6
613 343 634 389 r.
673 340 864 390 murmanus
888 340 962 389 cae.
983 335 1008 388 3.

234 496 399 566 stolonibus
415 495 614 576 locupletavit.
648 496 753 577 Neque
768 498 860 558 minus
877 498 907 557 in
921 515 957 558 ea
974 515 1008 558 re
1024 496 1176 575 prudentia
1192 515 1274 575 quam
1289 499 1353 559 ieli-

267 582 356 644 eitate
374 581 486 642 adiutus
503 590 559 647 est.
607 582 679 642 Nam
704 602 768 644 eum
788 583 897 643 virtute
914 582 1034 641 militnm
1050 581 1209 641 devicisset
1228 580 1353 644 hostium

268 668 436 744 exereitus,
460 684 568 728 summa
584 667 730 747 aequitate
746 686 796 728 res
812 669 962 728 constituit
981 673 1067 744 atque
1085 667 1150 746 ipse
1167 666 1274 727 ibidem
1296 687 1354 729 ma·

233 759 338 814 bnere
361 750 500 812 decrevit.
550 750 620 812 Erat
647 753 723 813 enim
750 754 828 813 iuter
854 770 906 812 eos
932 751 1073 828 dignitate
1099 752 1198 829 regia,
1223 755 1352 830 quamvis

266 832 385 897 serebat
400 837 527 914 nomine,
543 855 638 915 neque
653 837 682 897 id
696 839 788 916 magis
804 836 927 916 imperio
940 853 1023 915 quam
1039 836 1152 896 iustitia·
1167 845 1351 898 consecutus.

267 918 372 998 Neque
388 937 425 980 eo
442 922 539 981 senius
557 921 804 1001 Atheniensibus,
829 939 845 982 a
863 921 967 1000 quihus
987 926 1050 980 erat
1064 921 1235 999 proiectus,
1258 922 1353 982 oilleia

266 1004 443 1083 praestabat.
481 1001 594 1076 Quibus
613 1006 701 1067 rebus
721 1007 827 1085 liebat,
850 1014 881 1066 ut
896 1003 954 1067 non
972 1006 1064 1065 minus
1081 1017 1182 1065 eornm
1202 1005 1352 1066 voluntate
1391 1081 1393 1085 ι

265 1096 411 1168 perpetuo
431 1090 583 1169 imperium
607 1086 773 1168 obtineret,
795 1093 843 1171 qui
861 1092 1015 1165 miserant,
1036 1107 1121 1168 quam
1135 1089 1267 1168 illorum,
1290 1109 1353 1150 oum

231 1187 247 1236 4
265 1171 371 1252 quibus
386 1182 450 1235 erat
469 1175 630 1254 proiectus.
666 1173 855 1237 Chersoneso
877 1175 925 1235 tali
942 1174 1028 1234 modo
1045 1175 1200 1235 constituta
1217 1172 1353 1235 Lemnum

264 1259 424 1320 revertitur
447 1267 478 1321 et
499 1277 538 1320 err
563 1268 648 1339 paeto
664 1259 809 1340 postulat,
831 1268 863 1320 ut
881 1260 936 1320 sibi
950 1257 1052 1319 urbem
1067 1259 1195 1320 tradant:
1215 1258 1258 1320 illi
1276 1261 1353 1320 enim

265 1342 416 1421 dixerant,
440 1361 504 1404 eum
519 1351 608 1405 uento
624 1344 716 1406 borea
734 1344 820 1404 domo
838 1346 987 1423 proiectus
1006 1361 1043 1404 eo
1060 1343 1262 1422 pervenisset,
1283 1363 1351 1406 sese

230 1433 246 1485 t
264 1426 430 1490 dedituros:
448 1446 481 1489 se
497 1437 593 1490 autem
611 1429 724 1490 domum
746 1426 924 1490 Chersonesi
939 1427 1060 1489 hahere.
1101 1427 1210 1506 Cares,
1226 1430 1274 1508 qui
1293 1436 1353 1490 tum

264 1509 400 1572 Lemnum
413 1511 593 1590 incolebant,
609 1514 664 1574 etsi
684 1521 803 1592 praeter
820 1514 987 1593 opinionem
1002 1530 1051 1572 res
1070 1513 1226 1590 ceciderat,
1244 1521 1352 1592 tamen,

218 1656 221 1665 ,
263 1612 321 1657 non
336 1595 415 1657 dioto
431 1596 484 1657 sed
498 1595 625 1658 secunda
640 1597 755 1658 fortuna
768 1597 1001 1658 adversariorum
1015 1598 1108 1675 eapti,
1131 1597 1274 1657 resistere
1289 1602 1351 1659 ausi

263 1697 321 1741 non
336 1689 403 1742 sunt
423 1689 509 1762 atque
531 1698 570 1743 ex
583 1681 678 1744 insula
693 1681 899 1760 demigrarunt.
932 1680 997 1741 Pari
1015 1681 1155 1741 ielieitate
1176 1690 1292 1745 ceteras
1310 1684 1352 1743 in-

263 1763 358 1839 sulas,
382 1782 457 1845 quae
478 1761 621 1843 Gpolides
635 1767 833 1844 nominantur,
855 1766 909 1826 sub
925 1763 1146 1826 Atheniensium
1166 1765 1283 1845 redegit
1299 1783 1352 1846 po·

166 1922 168 1928 ⁴
211 1857 495 2013 ,?0⁰fl:e“ht.fflhisdem
511 1935 692 2014 temporibus
706 1935 860 1997 Persarum
880 1953 934 1995 rex
951 1909 1056 1996 Darius
1075 1954 1113 1995 ex
1128 1934 1199 1995 Asia
1215 1936 1243 1995 iu
1258 1934 1352 1997 Euro·

262 2035 327 2099 pam
343 2020 477 2080 exercitu
499 2020 624 2081 traiecto
642 2017 758 2125 Seuthis
781 2019 890 2080 bellum
911 2018 1021 2080 inferre
1042 2019 1183 2080 decrevit.
1228 2019 1352 2082 Pontem

295 2188 322 2241 2.
339 2185 491 2254 dsuioiaset,
510 2186 539 2239 in
558 2186 667 2256 einigen
682 2187 791 2240 Zusem·
850 2191 877 2239 4.
897 2187 1041 2239 revomitur
1055 2214 1088 2224 —-
1111 2188 1244 2254 postulat,
1265 2187 1351 2240 histo·

260 2261 473 2323 rnensetuungen
509 2255 610 2309 druiolut
643 2258 676 2310 de
709 2272 792 2310 unser
816 2256 918 2309 risches
931 2255 1064 2322 Prisens,
1084 2254 1185 2309 dasoit
1198 2257 1227 2308 in
1244 2257 1351 2310 lebhai-

258 2323 421 2393 „guinalioh“
438 2340 496 2378 eus.
815 2333 859 2378 ter
870 2325 1031 2392 linhhlung
1042 2329 1111 2376 statt
1119 2324 1167 2378 des
1179 2324 1255 2378 Peri.
1267 2328 1351 2380 steht.

294 2411 338 2449 rsa
358 2395 498 2450 constituit
521 2394 656 2462 „ordnete
674 2393 718 2448 die
735 2394 791 2447 An·
816 2394 1349 2463 Folgenlrann'dureuisowohld.Praes.

258 2463 494 2533 gelegenheiten‘fl
507 2463 639 2518 dehulieh
650 2468 698 2530 §.4
709 2466 791 2518 Oder-
816 2465 856 2517 als
874 2466 901 2518 d.
918 2464 1028 2533 Imperi.
1047 2492 1083 2504 ·—
1100 2482 1133 2517 ee
1142 2473 1224 2533 puoto
1243 2468 1350 2535 „nacb‚

257 2551 353 2589 sonmo
372 2535 528 2591 constituto.
816 2535 920 2603 gemin
934 2536 998 2585 —-“.

293 2605 318 2657 3.
335 2605 406 2658 [drot
424 2606 555 2671 dianitute
579 2603 671 2671 (nieht
688 2603 790 2670 „Wrir-
851 2622 911 2658 auat
928 2603 1059 2671 „wann“.
1076 2631 1109 2641 -—
1126 2620 1184 2656 sese
1201 2605 1349 2672 dedituros,

258 2672 328 2739 de“)
346 2675 434 2740 apio,
452 2673 521 2726 hairu
540 2673 630 2726 anina
649 2673 716 2725 oder
734 2674 790 2725 Ge·
816 2673 933 2726 welches
961 2674 1077 2740 Subjeet
1103 2673 1141 2724 ist
1164 2672 1349 2727 hinzuznden-

258 2741 327 2796 nitio
345 2743 395 2795 der
413 2742 597 2811 Eigensohnit
613 2743 652 2795 ist
669 2759 727 2794 esse
743 2759 791 2809 ge-
816 2743 893 2796 luen?
904 2742 1045 2794 Zuweilen
1058 2741 1169 2794 werden
1182 2741 1226 2794 die
1238 2744 1349 2796 reflexi·

257 2811 535 2864 wdhnliohireierau
548 2811 712 2864 tiberaetaen
743 2811 791 2863 ha·
815 2829 868 2864 ven
892 2812 948 2864 und
989 2810 1161 2863 ersdnhnhen
1185 2811 1350 2865 Pronomine

256 2882 329 2946 ban,
357 2880 495 2945 hesituen,
523 2880 634 2951 anigen,
660 2881 722 2933 best
755 2897 790 2933 en
815 2881 856 2934 uls
874 2880 951 2948 Subj.
969 2829 1017 2932 hes
1042 2881 1349 2949 Acnns.c.1nl.weg-

257 2966 285 3006 u.
300 2949 350 3012 th).
815 2951 949 3020 gelassen,
958 2966 1039 3003 wenn
1051 2949 1100 3002 dm
1108 2950 1268 3017 regierende
1277 2952 1348 3005 Ver·

394 3019 400 3035 ⁸
430 3018 481 3071 ruit
495 3017 555 3072 dem
572 3016 721 3084 Indicetir,
732 3033 791 3070 was
815 3022 878 3073 bum
895 3020 1020 3072 dasselbe
1039 3018 1118 3086 Snbj.
1139 3021 1194 3071 hat

257 3087 285 3141 ni
320 3093 334 3140 t
365 3087 584 3154 numnuhmen,
618 3090 665 3142 hat
694 3087 789 3140 eduen
848 3108 879 3142 se
910 3091 1017 3142 down
1047 3090 1208 3141 clamosi
1234 3092 1347 3159 roten,

256 3157 354 3210 Grund
367 3157 397 3209 in
410 3158 487 3212 einer
496 3158 729 3226 Verweehselung
742 3157 790 3210 mit
815 3159 910 3211 Worte
925 3157 973 3212 des
984 3157 1137 3225 Miltiades,
1153 3175 1208 3210 von
1219 3160 1347 3213 melchom

255 3244 427 3297 quo-quen.
814 3229 932 3282 Verbum
950 3227 1108 3294 abhingig?
1127 3244 1149 3278 s
1170 3243 1204 3279 zu
1222 3232 1248 3290 l,
1267 3232 1285 3283 3
1303 3232 1346 3282 in-

289 3299 401 3367 inporio
423 3296 531 3363 „dureh
557 3296 611 3349 den
634 3295 702 3364 (ihu
725 3312 788 3349 ser·
813 3307 891 3367 cepto
907 3315 1039 3367 prospero
1054 3299 1160 3362 ruem.
1178 3325 1213 3337 -
1231 3299 1345 3353 Cherso-

255 3366 395 3429 liehenen)
407 3365 790 3420 Ohurhelehl“.Zneeasmr·
813 3369 886 3431 nesi,
904 3384 926 3419 s.
945 3383 980 3418 zu
1001 3369 1030 3430 1,
1051 3369 1074 3418 l.

253 3446 300 3492 rus
317 3436 483 3491 ‹lenis-ent
500 3435 670 3490 winderholt
694 3436 789 3489 Ueher
846 3440 873 3489 h.
888 3437 1345 3506 pmueroptatnneu„gegen-“.

253 3523 310 3560 m
327 3507 413 3572 nepte
426 3535 460 3547 —
475 3522 634 3576 quum
646 3505 714 3559 (tin.
728 3507 752 3568 1,
761 3510 786 3557 2.
812 3507 944 3561 ceciderat
962 3504 1151 3571 „ausgeiulien
1168 3509 1254 3560 ποθ.

288 3576 384 3645 rtem
406 3593 438 3629 e·
457 3577 546 3630 aerius
574 3577 669 3643 „uber
696 3574 787 3629 niehts
845 3578 917 3629 dieto
933 3574 1042 3641 „durch
1057 3574 1101 3627 ihr
1117 3575 1226 3628 Wort“.

252 3643 333 3699 desto
348 3646 497 3715 κωφή
844 3655 947 3699 nemus
964 3645 1085 3705 lauhs,
1101 3644 1182 3699 nini.
1201 3645 1249 3698 des
1266 3646 1344 3713 {gii-

288 3731 307 3767 ι
320 3713 694 3784 &ammonianum
709 3729 784 3778 „von
809 3715 893 3769 seben
911 3715 1025 3767 hleeres.
1062 3714 1119 3766 Der
1142 3714 1283 3767 Ausdruek
1307 3717 1345 3768 iot

252 3785 343 3839 denen
360 3785 448 3848 us“;
473 3787 609 3855 profit-issi
626 3800 679 3836 von
697 3783 784 3837 einen
810 3799 947 3852 ungentur,
961 3785 997 3836 da
1008 3800 1104 3835 ausser
1115 3783 1230 3836 hunus
1243 3800 1271 3837 u.
1289 3785 1344 3838 deu

252 3855 412 3922 nemag
446 3855 513 3907 oder
537 3855 615 3908 einer
641 3853 784 3907 nahmen
810 3854 949 3924 Cyeiudon
963 3853 1033 3906 nod
1046 3852 1342 3907 sustentaremus

254 3923 423 3993 Rupedition
437 3924 567 3992 ,michem
585 3923 761 3978 unsxiehou“.
809 3925 839 3978 in
856 3923 958 3977 diesen
975 3922 1067 3976 hleere
1085 3922 1186 3988 liugan.

286 3995 392 4062 OM
407 3995 501 4061 ntes,
515 3993 550 4046 ἰι
566 3995 601 4046 Ι).
613 3992 720 4062 ὴίμίο
735 3993 786 4045 nit
844 4001 874 4059 3,
895 3998 917 4047 l.
934 3994 1055 4057 hortus,
1067 3990 1142 4042 Sohn
1160 3992 1209 4044 des
1224 3993 1344 4062 Hysta-

250 4064 784 4130 „unu“u,sueetnsynertst,a.
810 4081 859 4134 pes
884 4064 1023 4117 oet-tao
1040 4077 1068 4114 v.
1087 4060 1152 4114 cae
1170 4091 1205 4102 —
1221 4081 1257 4116 es
1272 4067 1341 4117 Asi·
