2850 4604
413 421 417 427 ,
469 363 541 419 atu.
576 337 770 418 esnensis
793 362 867 417 cab.
890 358 917 418 3.
994 358 995 364 ’
1100 366 1102 370 ·
1199 351 1240 422 99

153 521 206 586 bas
221 532 345 606 possent
360 527 534 606 pervenire,
555 540 618 587 curn
634 526 753 587 canibus
768 526 910 587 venaticis
928 528 1040 606 ierunt,
1057 527 1131 589 retia
1145 529 1241 590 leren-

153 619 211 689 tes,
227 613 335 672 vestitu
351 613 473 690 agresti,
489 629 547 690 quo
559 612 671 672 minore
684 613 852 690 suspicione
868 612 999 673 lacerent
1015 614 1080 673 iter.
1110 611 1242 684 Quicum

152 703 286 775 tempore
301 698 379 775 ipso,
394 713 452 775 quo
469 695 649 775 studuerant,
666 697 885 776 pervenissent,
904 697 1017 758 domurn
1033 694 1174 759 Charonis
1189 698 1240 759 de·

152 789 308 857 venerunt,
324 799 340 841 a
355 798 412 859 quo
429 790 459 841 et
477 789 590 861 tempus
606 790 636 842 et
651 781 715 842 dies
733 789 796 841 crat
813 780 903 841 datus.
1153 786 1167 797 ⁴

127 938 133 948 ,
214 866 243 927 3.
258 864 403 926 hocloco
426 864 499 927 libet
516 863 723 947 interponere,
739 867 795 925 atsi
811 867 972 930 seiunctum
988 866 1024 926 ab
1040 885 1074 926 re
1086 868 1241 946 proposita
1259 923 1262 931 .

150 958 207 1027 est,
230 951 315 1010 nimia
330 949 432 1011 fiducia
447 959 570 1029 quantae
593 951 747 1012 calamitati
768 949 865 1010 soleat
887 970 964 1012 esse.
1000 949 1072 1011 Nam
1091 953 1265 1028 magistra-¹

151 1044 227 1094 tuum
244 1033 447 1095 Thebanorum
470 1036 566 1094 statim
589 1034 624 1095 ad
645 1036 723 1094 auris
739 1036 892 1113 pervenit,
913 1033 1016 1095 exules
1032 1036 1062 1095 in
1077 1036 1177 1095 urhern
1192 1054 1242 1096 ve·

150 1121 241 1179 nisse.
269 1117 302 1178 ld
324 1117 366 1178 illi
388 1120 456 1178 vino
473 1118 628 1198 epulisque
650 1118 740 1179 dediti
754 1135 853 1197 nsque
865 1136 902 1179 eo
925 1119 1135 1199 despexerunt,
1154 1129 1240 1180 utne

150 1221 295 1281 quaerere
310 1202 427 1281 quidem
442 1203 479 1263 de
495 1210 573 1263 tanta
585 1222 619 1263 re
634 1202 802 1263 laborarint.
832 1201 970 1264 Accessit
982 1206 1079 1280 etiam,
1095 1204 1241 1282 quodne
1257 1211 1273 1259 2

105 1302 107 1306 ⁴
149 1289 196 1364 gis
213 1288 343 1365 aperiret
360 1304 462 1346 eorum
479 1287 659 1348 dementiam.
690 1286 788 1347 Allata
809 1296 856 1347 est
876 1289 951 1349 enim
974 1287 1100 1367 epistola
1116 1287 1240 1349 Athenis

151 1371 194 1430 ab.
204 1369 313 1431 Archia
325 1372 372 1430 uni
390 1390 428 1431 en
440 1370 495 1450 his,
511 1371 649 1450 Archiae,
666 1372 786 1450 quitum
796 1374 947 1433 maximum
958 1374 1156 1450 magistratum
1167 1373 1241 1434 The·

151 1455 197 1514 bis
210 1455 374 1533 obtinebat,
388 1457 483 1535 inqua
496 1457 590 1517 omnia
602 1457 638 1517 de
652 1457 837 1536 proiectione
849 1474 950 1517 eorum
965 1458 1129 1536 perscripta
1142 1465 1239 1519 serant.

151 1537 233 1610 Quae
249 1557 312 1600 curn
330 1542 388 1600 iam
401 1541 552 1601 accubanti
568 1543 597 1600 in
613 1542 749 1603 convivio
767 1549 849 1602 esset
865 1541 942 1619 data,
957 1543 1033 1602 sicut
1048 1549 1112 1602 crat
1129 1543 1241 1619 signata

151 1624 204 1684 snb
222 1624 368 1701 pulvinum
387 1625 546 1688 subiiciens
573 1625 617 1686 ‘ln
640 1627 806 1686 crastinum'
827 1627 919 1704 inquit
943 1625 1060 1686 ‘differo
1084 1644 1133 1686 res
1155 1644 1241 1687 seve·

150 1710 219 1768 ras'
254 1708 295 1768 At
311 1709 352 1769 illi
371 1727 482 1789 omnes,
498 1729 561 1772 curn
576 1712 632 1771 iarn
651 1728 711 1770 non
726 1711 936 1790 processisset,
951 1710 1093 1770 vinolenti
1116 1709 1152 1769 ab
1170 1727 1240 1769 exu-
1257 1717 1273 1768 3

151 1791 227 1852 libus
243 1792 315 1854 duce
332 1793 472 1873 Pelopida
488 1804 554 1856 sunt
569 1796 730 1856 interiecti.
751 1792 864 1865 Quibus
877 1793 965 1855 rebus
979 1793 1133 1870 confectis,
1149 1793 1239 1870 vulgo

150 1877 184 1936 ad
201 1895 279 1937 arma
293 1878 519 1958 libertatemque
535 1888 659 1956 vocato,
673 1897 732 1938 non
752 1879 846 1939 solum
863 1878 911 1954 qui
931 1879 960 1937 ln
976 1877 1048 1938 urhe
1064 1886 1166 1954 erant,
1186 1876 1240 1938 sed
1333 1883 1337 1890 “
1355 1910 1360 1918 ·

150 1962 237 2020 etiarn
259 1961 386 2041 undique
407 1983 445 2023 en
465 1965 545 2041 agris
564 1971 790 2040 concurrerunt,
808 1961 983 2041 praesidium
998 1961 1240 2022 Lacedaemonio·
1254 1976 1292 2020 are

150 2063 211 2105 rum
228 2064 267 2106 ex
287 2064 354 2106 arce
371 2047 564 2126 pepulerunt,
584 2049 705 2126 patriam
727 2046 882 2108 obsidione
905 2046 1082 2124 liberarunt,
1103 2055 1239 2107 auctores

152 2127 296 2192 Cadmeae
318 2132 503 2211 occupandae
530 2135 634 2213 partim
657 2132 826 2192 occiderunt
854 2133 957 2212 partim
984 2133 1013 2190 in
1040 2131 1159 2191 exilium
1181 2132 1241 2191 eic-

151 2224 261 2276 cerunt.

149 2488 169 2538 r
185 2434 237 2486 quo
265 2418 316 2471 wie
343 2418 415 2472 Mile.
433 2419 468 2482 6,
497 2421 510 2471 l
531 2435 583 2487 quc
609 2419 681 2484 faci·
707 2417 780 2501 len‘f.
812 2416 918 2484 Wegen
942 2416 991 2500 deq
1011 2417 1238 2540 Perqepitq-thbq

159 2506 245 2624 ¹uispsc,
279 2556 414 2622 ‚‚gerade,
445 2557 538 2624 just“.
567 2585 602 2594 —
629 2574 681 2625 quc
707 2488 1240 2625 Μὲηὲιιιιιάῑὲρξζςξιῖαῗοῗιιὰει(1.0ιέιὶ

150 2627 213 2693 (auf
227 2634 344 2693 tempore
360 2626 432 2690 bez.)
448 2627 609 2682 studuerant
622 2643 683 2694 per·
707 2625 792 2693 tiges)
820 2640 895 2692 „was
918 2624 1078 2676 offenbaren
1103 2624 1238 2691 konnte“,

150 2695 257 2760 venire,
281 2695 338 2762 vgl.
364 2695 433 2747 Con.
455 2696 485 2758 3,
505 2697 522 2748 3
543 2697 680 2764 conjicies,
708 2696 763 2762 vgl.
781 2698 812 2760 2,
830 2695 846 2746 3
864 2697 1002 2763 offerrent.

151 2767 223 2833 quod
238 2767 339 2818 studes.
742 2766 774 2817 dr
790 2764 982 2832 profectione,
1004 2762 1082 2815 nicht
1108 2761 1239 2829 „Reise“,

182 2836 382 2902 pervenissent,
400 2831 523 2898 Thebas,
550 2851 608 2889 was
631 2851 681 2887 aus
708 2852 729 2887 s.
746 2849 779 2885 zu
793 2843 854 2885 crat
868 2835 1007 2900 profectus
1024 2831 1097 2884 Milt.
1116 2835 1146 2898 2,
1161 2833 1187 2885 3.
1206 2860 1240 2870 -

153 2904 258 2957 Thebas
274 2911 385 2972 possent
406 2905 546 2970 peruenire
568 2921 602 2956 nu
621 2911 682 2957 ent·
706 2914 797 2956 eorum
812 2902 920 2955 bezieht
937 2902 996 2954 sich
1019 2902 1071 2954 aui
1093 2902 1142 2954 des
1159 2901 1240 2954 cisn-

150 2973 271 3026 nebmen.
688 2978 689 2981 ’
707 2974 761 3025 lich
778 2971 845 3024 weit
857 2972 1000 3025 entiernte
1015 2973 1106 3025 exules
1122 2971 1151 3022 in
1166 2976 1191 3036 ς.
1214 2972 1238 3024 l.

186 3044 349 3097 decesserunt
365 3040 462 3094 drfieht
474 3041 524 3095 das
538 3041 680 3109 ginaliche
706 3043 769 3110 Vgl.
791 3040 870 3093 Paua.
891 3042 924 3104 3,
941 3043 958 3093 5
976 3043 1078 3107 lepibus
1098 3057 1200 3104 corum.

149 3112 301 3165 Eri-eichen
329 3111 377 3163 des
404 3111 493 3164 Zieles
516 3127 565 3164 eus
589 3114 624 3176 (ι.
645 3127 679 3164 nn
739 3113 810 3164 sicut
831 3119 890 3163 erut
912 3111 1035 3176 siponto,
1058 3110 1112 3163 wir
1133 3110 1239 3178 „gassie
1309 3170 1312 3177 ί

150 3184 288 3236 devicisset
302 3181 372 3234 Milt.
386 3185 412 3248 2,
427 3181 464 3246 l),
482 3187 554 3235 etwe
565 3181 679 3248 „humen
708 3182 780 3249 golt,
799 3179 852 3234 wie
870 3197 901 3232 er
916 3185 1005 3232 war“.

150 3253 190 3335 eie
226 3251 394 3320 glhchlich“.
428 3250 619 3334 Ueberfldssig
645 3250 683 3304 ist
742 3252 772 3302 in
791 3253 954 3369 crespionis,
973 3247 1052 3299 ndrnl.
1070 3247 1150 3368 dilqm.

151 3321 312 3451 itts'tzl
328 3319 683 3458 „ttltlttglllitlill
708 3321 1239 3456 siriirtazotllfhststti

150 3461 180 3512 in
197 3459 246 3511 der
265 3458 348 3511 Stadt
359 3457 506 3525 jedenfalls
517 3459 566 3510 das
580 3459 682 3512 Gelan·
707 3458 875 3512 Vordersatn
889 3456 983 3522 bildet‚
1005 3456 1053 3508 das
1071 3455 1178 3522 aweite,
1191 3456 1240 3510 unit

151 3546 203 3598 gen
221 3544 280 3581 num
298 3527 392 3579 Hausc
416 3526 463 3578 des
484 3527 592 3581 Charon
613 3529 683 3582 noch
709 3526 876 3595 „nachdem“
888 3525 1094 3592 auinuldaende,
1107 3525 1240 3579 verbinde

150 3599 200 3651 unit
211 3613 322 3665 grosser
332 3597 439 3650 Geiahr
451 3596 602 3666 verhndpit
612 3616 680 3652 wer.
707 3597 758 3651 ruit
774 3596 833 3649 dens
850 3595 1016 3649 Nachsatz'e.

185 3682 682 3755 tempushier„Tagecneit,8tunde“.
743 3667 853 3718 cmm·
869 3682 934 3749 illm,
952 3667 1038 3718 “illm
1064 3663 1110 3731 (ῑῖ)
1126 3668 1239 3717 ΜΨ·

385 3770 389 3776 -
707 3744 816 3802 rerum,
850 3753 898 3803 qus
924 3751 953 3787 m
980 3737 1046 3788 urbe
1072 3743 1165 3798 want,
1193 3735 1242 3786 sed

186 3787 682 3872 321·⁰⁶'⁶‚P'⁰P⁰⁸f¹ff⁸ov⁰¹¹d⁰!¹¹
708 3808 787 3861 etiam
819 3807 939 3874 undiquc
963 3823 1005 3858 ’cc
1037 3805 1111 3870 apris
1152 3803 1240 3868 (nicht

152 3857 347 3941 Gegepstande
367 3857 415 3910 der
430 3856 628 3925 Erzahlung-“3
642 3876 681 3911 eu·
706 3875 872 3943 ustoque).

151 3927 309 3995 sentlwht.
741 3945 890 4010 casusne,
918 3963 940 3997 s.
963 3960 998 3996 su
1024 3942 1140 3995 ausuri
1165 3941 1194 3997 1,
1212 3940 1238 3992 ιι.

186 4031 271 4082 usque
288 4030 334 4078 eo,
357 4031 380 4065 s.
402 4029 436 4065 nn
458 4011 530 4064 Dion
552 4017 584 4078 4,
601 4015 627 4068 b.
651 4040 679 4052 -
707 4015 800 4068 Ueber
823 4013 872 4068 das
889 4013 1049 4082 Asyndeton
1067 4028 1089 4064 s.
1115 4025 1149 4061 nn
1166 4007 1238 4060 Gon.

152 4100 279 4152 quaerere
309 4082 554 4151 „Nachiorschung
579 4082 681 4136 anstei-
707 4089 738 4154 4,
759 4089 787 4138 4.

994 4166 1036 4231 qa·
