2850 4604
585 345 767 480 nervon
792 341 949 396 cue.1.2.
1183 335 1242 399 137

459 348 558 396 xx111.

97 519 100 524 ’
213 516 283 717 9<J
448 504 593 578 XXIII.
625 501 952 579 HANNIBAL.

266 656 471 736 Hannibai3
485 613 664 718 ⁸Humiiciris
685 656 779 733 titius,
803 654 1059 735 Carthaginiensis.
1090 656 1120 738 Si
1143 678 1243 721 verum

1335 476 1366 498 Ν

157 750 221 818 est,
244 743 321 821 quod
337 761 421 805 nemo
435 743 562 818 dubitat,
577 751 617 802 --ut
637 740 763 822 populus
779 740 925 802 Romanus
945 760 1045 802 omnes
1066 751 1171 821 gentes
1186 746 1243 805 vir·
1278 816 1281 821 ¹

157 835 218 888 tute
234 831 397 906 supererit,
412 845 470 889 nou
485 836 532 897 est
546 826 739 903 infitiandum,
754 825 943 886 Hannibalem
961 834 1042 886 tanto
1057 829 1242 906 praestitisse

157 919 275 972 eeteros
297 912 491 992 imperatores
504 912 684 991 prudentio,
701 919 808 989 quanto
824 910 950 990 popius
965 909 1111 972 Romanus
1125 920 1242 976 antece-

155 995 203 1056 dat
231 996 402 1058 fortitudine
430 1005 548 1059 cunctas
571 997 714 1056 notiones.
757 994 783 1054 N
857 996 1098 1074 quotiescumque
1120 1015 1183 1057 cum
1204 1013 1276 1062 sou

154 1098 333 1158 congressus
353 1091 399 1142 est
419 1084 448 1141 iu
464 1081 563 1158 ltalia,
588 1097 705 1158 semper
733 1013 869 1140 dtsfflsu
898 1081 1042 1158 superior.
1061 1077 1167 1151 ‘Quod
1186 1085 1241 1144 nisi

155 1164 232 1225 domi
249 1167 354 1224 civium
367 1183 485 1226 suorum
497 1164 603 1226 invidia
618 1162 785 1225 debilitatus
802 1172 895 1242 esset,
911 1162 1058 1224 Romanos
1072 1166 1185 1227 videtur
1197 1185 1243 1227 su-

154 1267 260 1327 perere
279 1251 422 1328 potuisse.
450 1249 509 1311 Sed
523 1251 676 1310 multorum
693 1248 870 1309 obtrectatio
883 1247 991 1309 devicit
1002 1250 1084 1309 unius
1096 1251 1241 1312 virtutem.

154 1332 209 1393 Hic
223 1343 319 1394 autem
334 1334 415 1394 velut
435 1333 598 1395 hereditate
614 1333 746 1394 relictum
765 1331 860 1393 odium
882 1341 1032 1412 paternum
1052 1352 1123 1411 erga
1138 1334 1243 1397 Roma·
1261 1339 1277 1392 3

107 1444 109 1448 ·
155 1435 209 1477 nos
233 1419 277 1478 sic
303 1422 506 1496 conservavit,
535 1427 567 1479 ut
586 1420 665 1498 prius
687 1418 806 1478 animem
825 1435 909 1496 quem
929 1416 957 1476 id
980 1416 1167 1496 deposuerit;
1194 1423 1242 1499 qui

154 1501 286 1581 quidem,
316 1521 379 1563 cum
401 1506 494 1583 patria
515 1502 615 1582 pulsus
639 1510 720 1564 esset
744 1510 773 1562 et
797 1502 953 1562 alienorum
1038 1521 1065 1562 m
1084 1502 1243 1584 indigeret,

154 1604 305 1666 numquam
320 1588 469 1649 destiterit
486 1591 580 1650 animo
596 1588 709 1649 bellare
721 1605 784 1646 eum
798 1585 945 1646 Romanis.
956 1519 1058 1672 Q
1214 1606 1217 1613 ·

145 1661 332 1771 Qssiium
350 1679 380 1733 ut
402 1676 530 1734 omittam
545 1673 723 1754 Philippum,
751 1689 837 1750 quem
855 1671 962 1733 absens
980 1669 1096 1732 hostem
1118 1672 1243 1735 reddidit

89 1722 118 1794 ‘-
153 1755 308 1836 Romanis‚
335 1760 459 1819 omnium
479 1759 523 1819 his
549 1757 730 1838 temporibus
759 1757 979 1835 potentissimus
1009 1774 1063 1816 rex
1081 1754 1267 1827 Antidehus.

152 1841 222 1901 fuit:
246 1842 321 1903 huuc
342 1850 420 1902 tonte
441 1842 598 1922 cupiditate
622 1841 750 1902 incendit
776 1839 904 1902 bellandi
912 1882 921 1917 ,
948 1848 1091 1918 utusque
1115 1858 1130 1899 u
1152 1841 1241 1903 rubro

153 1926 222 1987 muri
243 1944 319 1987 orme
335 1935 456 1987 conotus
472 1929 510 1987 sit
526 1929 635 1988 inferre
651 1924 762 1986 Italiae.
797 1924 844 1985 Ad
859 1942 944 2003 quem
959 1943 1022 1985 cum
1040 1925 1131 2004 legati
1146 1926 1242 1987 venis·
1259 1941 1276 1991 2

189 2109 386 2178 l‚1.Wegen
416 2111 463 2164 des
492 2112 635 2180 Aufenges
662 2129 684 2166 s.
746 2127 826 2178 opum
844 2108 897 2162 wie
909 2107 943 2161 de
955 2125 1013 2176 reg.
1030 2110 1061 2172 3,
1080 2114 1107 2164 4.

152 2178 343 2247 zuThem.l,
365 2182 386 2233 1.
746 2182 835 2232 eninm
873 2178 942 2247 „mit
977 2179 1068 2233 seiuer
1103 2179 1241 2249 geistigeu

187 2250 217 2302 Si
235 2266 326 2303 oerum
348 2259 387 2304 est
406 2249 574 2304 hier-soviel
596 2250 637 2303 uls
660 2253 684 2304 si
709 2249 822 2303 Krait“.

152 2335 212 2371 cere
236 2320 341 2384 foetum
364 2329 405 2373 est
427 2338 526 2383 „menn
548 2339 577 2374 es
597 2321 683 2373 Thot—
745 2319 913 2385 2,1.Nam
932 2326 963 2371 ut
981 2319 1101 2372 omittam
1118 2326 1166 2372 oet.
1198 2318 1241 2372 De

152 2387 232 2440 suche
246 2389 313 2440 ist“.
333 2388 451 2443 Deshelb
473 2391 543 2458 solgt
559 2399 599 2446 ut.
709 2389 800 2442 dieser
825 2388 892 2441 Sutz
914 2403 963 2439 zur
981 2388 1169 2456 Begriindong
1187 2404 1240 2439 von

187 2457 286 2510 uirtute
309 2458 398 2510 erhilt
422 2458 498 2512 scine
522 2459 682 2526 Erkttrung
709 2476 852 2528 numquam
870 2458 1003 2510 destiterit
1030 2459 1121 2509 animo
1146 2458 1242 2509 dedere

152 2527 239 2578 durch
250 2529 416 2594 fortitudine
435 2544 477 2580 sm
494 2528 574 2580 Ende
591 2530 638 2582 des
657 2534 682 2594 ἕ.
710 2546 769 2582 cum
802 2527 933 2579 Romanis
969 2525 1066 2578 dienen
1103 2525 1174 2586 soli,
1211 2542 1241 2576 so

152 2596 262 2647 Ebenso
280 2599 304 2658 S.
321 2601 337 2648 2
357 2599 441 2650 unius
459 2598 593 2652 uirtutem.
630 2599 683 2650 Be·
709 2597 810 2650 mdeste
839 2596 888 2648 der
921 2593 1060 2648 Nschsutz
1091 2594 1241 2661 eigentlich

152 2664 228 2717 echte
244 2664 312 2717 such
330 2666 382 2719 den
399 2667 526 2720 Wechsel
549 2667 598 2721 der
638 2684 683 2720 us·
710 2668 801 2719 leuton
821 2665 992 2733 Antiochum,
1011 2665 1059 2733 qui
1069 2665 1187 2718 omnium
1198 2664 1240 2718 tn

152 2733 254 2786 drdeke
283 2752 433 2805 superare,
454 2745 568 2806 praesta
672 2767 683 2776 -
709 2737 870 2805 temporibus
891 2735 1093 2805 potentissimus
1110 2733 1240 2799 sensuit,

152 2805 278 2857 decedere.
565 2861 568 2867 ,
709 2815 788 2860 tantu
812 2805 959 2872 cupiditate
981 2805 1100 2857 incendit
1124 2802 1240 2857 bellandi

186 2880 302 2942 quanto,
320 2893 342 2930 s.
362 2871 520 2945 zu'quolem
534 2873 605 2931 Mitt.
634 2878 681 2940 ‚1.
709 2884 758 2929 cet.
788 2873 881 2927 Dureh
908 2873 953 2925 die
976 2890 1031 2925 uon
1050 2874 1086 2928 N.
1105 2870 1240 2942 gcwdblte

185 2952 210 2996 2.
231 2959 389 3010 conpressus
419 2953 459 2998 est
484 2973 517 2982 —
547 2946 681 3014 diseetsit,
709 2945 894 3010 Setzbildung
922 2943 986 2995 tritt
1010 2944 1133 3012 dsgegen
1156 2942 1240 2996 nech—
1314 2953 1316 2958 '

150 3012 307 3066 Huuuibuh
708 3014 879 3067 druichlicher
891 3013 1007 3076 hervor,
1026 3013 1089 3066 dass
1103 3031 1131 3065 es
1151 3011 1195 3064 eiu
1210 3029 1239 3064 so
1279 3074 1281 3078 Ι

185 3083 350 3150 Quodnisi,
369 3100 391 3134 s.
411 3100 445 3135 uu
469 3085 542 3153 puod
555 3084 581 3136 si
597 3083 680 3136 Peus.
707 3085 857 3151 miehtiger
877 3081 969 3148 Kdnig
981 3099 1053 3147 wer,
1073 3082 1125 3135 den
1139 3099 1168 3134 er
1180 3097 1239 3134 uum

150 3157 182 3216 4,
196 3155 222 3206 6.
707 3153 809 3218 Kriege
826 3168 916 3220 gegeu
929 3151 973 3203 die
990 3151 1090 3204 Riimer
1107 3150 1203 3204 reinte.

184 3222 271 3286 domi,
297 3221 373 3275 nicht
392 3221 523 3275 wiihrend
548 3239 578 3274 er
595 3221 682 3274 selbot
741 3223 901 3292 Philippus,
918 3220 976 3282 ¹der
996 3219 1087 3273 siiuite
1104 3238 1158 3273 vou
1178 3220 1239 3273 Me·
1294 3264 1316 3279 y.

151 3291 255 3343 deheim
273 3308 345 3356 suar,
363 3292 483 3344 sonderu
502 3291 632 3344 wiihrend
650 3309 681 3344 er
707 3292 852 3358 eedonien,
871 3292 1019 3344 uuo-179.
1038 3308 1064 3342 v.
1085 3291 1149 3342 Chr.
1182 3292 1239 3344 An—

150 3376 184 3410 zu
198 3359 283 3412 Felde
295 3361 353 3426 lug,
366 3365 496 3426 verssgte
508 3361 562 3412 ihm
574 3360 680 3414 deheim
706 3363 825 3428 tioobus,
849 3360 898 3413 der
928 3361 1032 3412 Grosse
1056 3377 1111 3411 von
1129 3359 1238 3429 Syrien,

151 3429 195 3481 die
224 3428 379 3496 Missguust
405 3429 496 3482 seiuer
514 3429 681 3500 ‘Mitbdrger
706 3432 853 3485 223-187.
890 3429 982 3498 Philip
1041 3430 1133 3482 fiihrte
1171 3429 1240 3482 zwei

151 3499 212 3550 eine
231 3497 352 3564 kristige
366 3497 598 3567 Uuterstiitzuug.
705 3500 807 3567 Kriege
826 3485 973 3566 gegen'dic
983 3447 1095 3564 Itdmen
1111 3517 1138 3550 v.
1152 3501 1240 3552 ull-

185 3568 209 3621 3.
229 3568 318 3619 odium
336 3585 400 3635 erpa
421 3569 499 3621 Rom.
525 3569 578 3621 wid
600 3568 678 3622 Hem.
705 3570 756 3622 205
773 3569 827 3622 und
841 3586 895 3621 von
915 3570 1066 3637 eoo-luo
1081 3568 1138 3620 Der
1152 3569 1239 3635 Krieg

150 3642 181 3702 4,
198 3638 222 3690 3.
707 3640 754 3691 des
795 3639 946 3691 Antiochus
981 3655 1069 3707 gegsn
1099 3638 1238 3693 dieseiben

184 3706 337 3775 deposuerit
351 3706 501 3774 „eufgsb“.
511 3706 617 3772 Wegeu
631 3707 680 3760 der
708 3709 823 3762 deuerte
837 3724 890 3761 von
909 3709 1053 3762 rue-189.

150 3775 346 3844 Tempusiolgs
380 3793 402 3827 s.
437 3792 471 3828 zu
507 3778 682 3845 profliporint
742 3777 906 3832 atsenswie
924 3777 988 3831 Dat.
1007 3781 1053 3842 10,
1068 3781 1094 3829 2.
1117 3773 1238 3828 Bainu-

150 3845 222 3898 Mitt.
238 3849 269 3913 5,
288 3846 314 3897 5.
706 3848 814 3900 tiochus
829 3845 952 3915 degegen
966 3864 1024 3899 wer
1034 3864 1064 3900 er
1080 3845 1108 3897 in
1125 3845 1238 3912 eigeuer

183 3917 231 3984 qui
254 3914 360 3984 'quidem
383 3945 415 3953 —
434 3931 580 3983 numquam
595 3916 681 3970 desti·
705 3917 818 3969 Person.

153 3986 216 4038 terit
232 3986 285 4036 wie
309 3983 392 4043 Diem
413 3987 442 4049 2,
462 3987 478 4036 2
502 3985 550 4054 qui
577 3986 682 4053 quidem
741 4003 826 4056 usque
845 4003 863 4038 a
887 3985 948 4052 „bis
967 4001 1021 4037 von
1041 4012 1074 4022 -
1096 3981 1166 4035 her“
1189 3982 1238 4035 bc·

149 4055 312 4109 adolescenti
323 4070 422 4121 nepote
439 4069 496 4107 non
515 4056 646 4124 potuerit,
705 4054 879 4109 ucichnetdie
892 4055 972 4108 meite
982 4052 1169 4119 Entiernung‚
1182 4067 1236 4104 von
