2850 4604
202 322 265 390 -126
535 335 594 388 xx.
629 335 812 387 mnouaon
838 333 913 386 cnr.
931 325 955 386 t.

124 470 143 571 ᾖ
202 512 327 557 causam.
354 494 425 556 lude
451 494 576 574 iudicio,
602 493 929 574 legitimis'quibusdam
956 492 1118 570 coniectis,
1145 490 1295 554 damnatus

203 582 325 641 traditus
342 588 389 641 est
403 582 624 659 undecimviris,
653 581 758 659 quihus
781 580 816 640 ad
838 579 1011 658 supplicium
1029 596 1111 638 more
1129 577 1296 639 Athenien-

46 683 53 699 ·
155 657 186 724 θ’
204 666 277 726 sium
290 665 409 745 publice
425 666 549 726 damnati
566 665 640 726 tradi
656 664 762 725 solent.
792 664 846 724 llic
862 682 925 724 cum
940 663 976 724 ad
990 671 1113 723 mortem
1124 663 1295 740 duceretur,

145 752 148 759 '
203 751 308 811 obvius
333 752 360 811 ei
386 750 441 810 luit
461 748 653 830 Euphiletus,
677 768 735 829 quo
751 749 931 810 familiariter
955 750 1050 808 iuerat
1071 766 1148 808 usus.
1178 746 1208 808 ls
1229 765 1296 809 cam

141 870 153 888 .
202 835 355 895 lacrimans
371 834 517 896 dixisset>
541 819 578 894 ‘0
598 853 683 914 quam
699 832 816 912 indigna
831 834 1016 912 perpeteris,
1038 831 1204 892 Phocion!'
1226 832 1295 893 huic

79 934 82 938 ·
202 919 254 980 ille
271 919 324 980 <Aa
340 937 399 979 non
414 921 572 998 inopinata'
592 921 704 999 inquit;
724 919 821 978 '‘hunc
846 920 922 978 enim
945 919 1053 978 exitum
1069 917 1204 995 plerique
1222 917 1294 977 clari

130 1013 184 1070 „4
202 1005 258 1064 viri
280 1003 443 1065 hahuerunt
460 1004 682 1065 Athenienses!
711 1003 744 1064 ln
768 1003 824 1063 hoc
845 1010 953 1062 tantum
975 1004 1028 1062 luit
1049 1001 1146 1062 odium
1166 1003 1296 1062 multitu·

148 1120 153 1128 ·
201 1089 337 1166 dim’s‚ut
352 1106 437 1148 nemo
453 1107 539 1150 ausus
561 1091 601 1150 sit
615 1107 681 1150 eum
697 1088 774 1149 liber
796 1087 935 1168 sepelire.
964 1087 1066 1166 ltaque
1088 1105 1105 1146 a
1126 1088 1222 1147 servis
1245 1105 1294 1146 se·

201 1173 299 1253 pultus
318 1182 373 1234 est.

484 1512 570 1586 xx.
611 1464 839 1588 rumor.
860 1512 893 1585 u
913 1509 1013 1586 o-n.

208 1682 210 1687 ·
271 1647 296 1706 1.
315 1645 509 1714 Timoleon
526 1647 701 1710 Corinthius.
731 1648 800 1709 Sine
824 1647 912 1708 dubio
926 1643 1055 1724 magnus
1079 1645 1202 1705 omnium
1219 1645 1293 1706 iudi-

203 1730 250 1791 cio
273 1729 320 1792 hic
340 1728 386 1792 uir
411 1735 532 1794 exstitit.
560 1732 691 1813 Namque
711 1733 777 1794 huic
798 1734 846 1794 uni
863 1733 1004 1810 contigit,
1030 1730 1107 1811 quod
1133 1731 1234 1791 nescio
1256 1749 1292 1792 an
1373 1777 1377 1784 .

204 1814 287 1894 nulli,
305 1825 336 1876 ut
352 1823 383 1876 et
398 1818 530 1896 patriam,
546 1820 575 1879 in
589 1837 644 1898 qua
661 1826 725 1879 erat
749 1825 845 1894 natus,
862 1834 1034 1896 oppressam
1050 1835 1065 1874 a
1080 1824 1202 1893 tyranno
1218 1813 1292 1876 libe·

204 1909 295 1986 ranet,
312 1908 371 1962 ete
390 1901 554 1981 Syracusis,
570 1903 673 1983 quibus
690 1903 798 1963 auxilio
815 1910 878 1962 erat
893 1903 1010 1979 missus,
1027 1901 1080 1960 iam
1100 1901 1292 1960 inveteratam

205 1986 376 2045 servitutem
394 1985 561 2065 depelleret
580 1997 727 2067 totamque
745 1986 890 2065 Siciliam,
912 1985 1018 2046 multos
1035 2003 1129 2055 annos
1142 1983 1223 2045 bello
1240 2003 1291 2045 ve·
1365 1982 1366 1987 ’

204 2075 298 2128 xatam
314 2087 330 2130 a
347 2069 538 2150 barbarisque
556 2090 744 2151 oppressam,
767 2089 820 2131 suo
845 2070 970 2131 adventu
993 2070 1023 2130 in
1038 2066 1190 2148 pristinum
1205 2072 1291 2129 resti-

169 2167 185 2215 2
205 2160 309 2213 tueret.
341 2151 400 2213 Sed
415 2155 444 2213 in
460 2155 504 2215 his
523 2156 612 2216 rebus
628 2175 686 2217 non
702 2156 826 2235 simplici
848 2156 964 2215 fortuna
984 2154 1165 2214 condictatus
1187 2163 1291 2232 estet,

75 2309 80 2316 ,
203 2237 232 2296 id
255 2237 332 2317 quod
355 2237 501 2300 dilficilins
517 2249 651 2319 putatur,
672 2241 762 2301 multo
779 2241 940 2319 sapientius
957 2238 1022 2299 tulit
1040 2238 1193 2300 secundam
1206 2256 1291 2316 quam
1326 2265 1329 2268 >

170 2335 186 2386 3
204 2321 355 2398 adversam
371 2322 523 2385 fortunam.
556 2324 627 2385 Nam
643 2343 706 2386 cum
720 2326 812 2385 frater
828 2326 891 2385 eius
909 2323 1116 2403 Timophanes,
1132 2322 1189 2383 dux
1205 2343 1220 2384 a
1235 2321 1290 2383 Go-

153 2426 191 2469 ecr
204 2406 320 2468 riothiis
336 2406 480 2487 delectus,
502 2409 682 2487 tyrannidem
698 2429 752 2490 per
766 2409 874 2470 milites
890 2410 1087 2470 mercenarios
1104 2417 1291 2487 occupasset,

202 2492 409 2572 particepsque
424 2496 509 2572 regui
526 2502 630 2575 posset
646 2515 731 2564 esse;
748 2502 856 2555 tantum
870 2495 941 2554 aluit
955 2513 972 2555 a
987 2495 1134 2557 societate
1153 2493 1290 2572 sceleris,
1366 2565 1368 2569 ⁸

235 2662 335 2715 iudicio
347 2661 452 2730 „durch
464 2664 514 2718 das
524 2663 665 2732 Gericlrt“,
681 2663 733 2724 wie
758 2661 936 2730 „vielleiclnt“
949 2661 1186 2734 wiederzugeben.
1206 2661 1234 2712 S.
1255 2679 1290 2715 uu

201 2730 320 2786 Timoth.
336 2733 362 2794 3,
376 2735 392 2784 5
407 2735 458 2787 doc
471 2736 569 2788 iudicio
587 2737 734 2788 damnatur
760 2733 851 2786 dudito
868 2749 905 2784 art
920 2731 1020 2787 Thrae.
1036 2735 1064 2799 l,
1087 2734 1111 2784 1.

204 2801 367 2856 Timotheus.
540 2836 542 2840 -
639 2838 641 2842 »
793 2821 811 2854 u
833 2803 971 2865 lardaria,
996 2801 1049 2854 wie
1066 2817 1126 2853 man
1151 2816 1201 2852 aas
1225 2804 1291 2867 2‚4

235 2872 353 2936 lepitima
374 2871 501 2939 quaedem
526 2872 662 2941 „gemisse
685 2891 734 2941 ge·
759 2871 840 2937 sicht,
852 2870 915 2923 sind
933 2869 978 2922 die
991 2870 1147 2937 Karthager
1160 2871 1288 2938 gemeint.

202 2938 379 3006 setamiissige
393 2940 539 2993 Formen“.
689 2986 693 2991 ,
792 2944 822 2994 in
843 2942 989 3010 pristinum
1019 2941 1066 3008 „in
1094 2941 1146 2992 den
1171 2940 1289 3006 rotigen

236 3011 273 3061 ad
294 3011 457 3078 supplicium
484 3009 558 3063 tradi
577 3009 629 3063 wie
651 3009 731 3064 Paua.
758 3010 912 3066 Zustand“.
973 3045 976 3049 «
1300 3050 1308 3056 ,

104 3087 109 3095 “
202 3079 228 3140 5,
243 3081 259 3130 5
272 3081 319 3146 qui
333 3081 371 3132 ad
382 3080 545 3149 supplicium
562 3089 652 3134 essent
667 3082 733 3134 dati.
794 3085 820 3134 2.
852 3096 908 3133 nott
932 3081 1046 3148 simplici
1070 3082 1187 3147 fortuna
1213 3095 1288 3146 „von

201 3179 237 3189 -
253 3150 357 3217 publice
371 3151 493 3203 damnati
511 3149 536 3201 d.
554 3150 572 3203 i.
593 3148 664 3203 nach
680 3150 733 3203 den
760 3149 835 3203 nicht
862 3149 1013 3202 einfacheru
1038 3148 1195 3202 Geschiclr“
1218 3148 1245 3200 d.
1270 3149 1288 3199 i.

201 3218 339 3272 Gesetaen
354 3219 403 3273 des
419 3220 540 3273 suetos.
759 3227 788 3273 et
812 3219 933 3272 secunda
960 3226 989 3271 et
1014 3219 1130 3272 adverse
1159 3218 1288 3283 tortuno3

237 3304 262 3356 3.
279 3306 453 3370 familiariter
475 3309 570 3372 fuerat
593 3325 660 3361 usuc
680 3307 733 3360 wie
758 3291 930 3356 wlfildam
969 3296 1009 3342 ⁶⁸2
1051 3288 1110 3371 hie!
1147 3287 1289 3339 Pfflivuffl

187 3396 189 3400 ⁴
200 3371 253 3443 Ag.
273 3378 303 3442 l,
324 3377 346 3428 1.
756 3359 871 3427 ,‚wurde
882 3356 1049 3426 betrcffen“,
1062 3376 1114 3411 wre
1124 3359 1214 3410 morlo
1224 3373 1287 3410 eon·

751 3431 858 3496 flicturi
874 3428 920 3481 Di.
939 3434 969 3492 2,
991 3428 1022 3495 33
1045 3428 1121 3481 nicht
1140 3431 1289 3495 Deponens
1377 3429 1379 3434 ’

236 3466 262 3512 4.
285 3463 321 3514 ln
352 3463 403 3515 doc
429 3469 536 3517 tantum
561 3463 620 3527 fuit
643 3463 732 3515 odium
786 3499 793 3514 .

200 3530 254 3583 wie
284 3531 364 3583 Eum.
385 3533 429 3599 13,
453 3537 469 3584 2
493 3534 523 3586 in
547 3550 600 3602 qao
627 3541 732 3601 quantu
757 3517 811 3551 ”¹¹⁶
828 3498 888 3551 Pel·
904 3500 935 3565 5²
956 3500 979 3550 l·

201 3601 318 3655 omniurn
332 3603 417 3667 fuerit
435 3604 536 3672 opinio.
792 3571 821 3621 id
839 3570 926 3637 lma
942 3586 963 3620 ⁸·
977 3583 1011 3620 ²¹¹
1025 3566 1084 3620 Alc·
1096 3571 1124 3630 ‘¹2'
1138 3569 1155 3620 5
1171 3567 1200 3619 Μ
1217 3569 1289 3637 lm

757 3655 810 3692 ucat
827 3646 950 3690 venerat.

207 3727 215 3742 ·
238 3705 271 3768 l,
290 3704 445 3771 l.·Wegen
473 3706 520 3759 des
542 3705 684 3772 Aniauges
707 3722 731 3757 s.
792 3725 873 3777 quum
889 3708 1032 3760 adversum
1047 3708 1189 3771 fortunam
1206 3704 1244 3758 ist
1257 3705 1286 3757 in
1345 3753 1349 3760 .

202 3791 237 3827 aa
253 3773 346 3826 Them.
372 3778 402 3838 1,
422 3779 446 3827 l.
474 3778 540 3830 Sine
565 3776 646 3829 dudio
668 3791 731 3827 ver·
756 3777 850 3844 Bezug
864 3776 950 3840 aui§.
967 3779 984 3829 6
1001 3781 1107 3843 gesagt.

200 3843 285 3900 binde
301 3843 352 3896 mit
370 3862 484 3911 maanus
506 3844 733 3914 „unuweifelhait
793 3848 818 3902 3.
836 3854 935 3915 poscet,
954 3845 1033 3898 nimi.
1045 3844 1197 3897 Timoleon.
1219 3844 1285 3911 Vgl.

201 3913 300 3983 gross¹‘
307 3934 315 3981 ς
327 3917 430 3969 exstitit
441 3915 582 3984 „lratsiclr
594 3914 731 3984 gezeigt“,
757 3915 802 3969 die
813 3915 956 3969 ilrnliclren
969 3914 1288 3982 Subjectsverdnderun-

201 3982 371 4053 cigentlichi
757 4003 810 4054 gon
821 3991 852 4050 4,
873 3987 903 4055 1,
918 3985 1002 4040 sowie
1016 3985 1111 4038 Them.
1129 3986 1158 4052 5,
1180 3987 1211 4048 1;
1230 3983 1286 4053 Ep.

236 4056 326 4109 nescio
339 4071 377 4108 cn
387 4053 566 4109 istruweilen
579 4052 732 4109 blosdurch
759 4056 804 4126 10,
823 4058 849 4111 1.
