2850 4604
467 348 537 412 am.
570 347 734 406 ouranos
754 349 829 406 ona.
850 346 876 407 r.
891 343 919 407 a.
1193 337 1233 410 83

148 508 226 576 sides
245 515 412 576 resistentis
428 513 571 575 Datames*
583 513 705 581 invadit:
735 515 828 593 primo
852 516 960 594 impetu
978 512 1077 595 pellit,
1093 516 1232 594 fugientis

148 601 347 679 persequitur,
363 599 467 658 multos
486 599 639 676 interficit,
663 608 757 660 castra
770 599 896 660 hostium
913 603 997 679 capit.
1032 601 1093 661 Tali
1109 603 1232 663 oonsilio
1251 609 1268 658 8

148 703 206 744 uno
225 693 358 762 tempore
374 693 404 744 et
422 682 589 762 proditores
608 685 732 762 perculit
748 693 778 744 et
797 684 890 745 hostis
906 685 1074 763 profligavit
1089 695 1135 763 et,
1157 688 1234 765 quod

147 769 182 828 ad
201 770 359 848 perniciem
375 787 454 828 suam
468 769 563 829 fuerat
578 770 746 846 cogitatum,
762 768 791 829 id
801 769 837 828 ad
852 769 975 830 salutem
989 772 1143 832 convertit.
1168 768 1234 842 Quo

146 872 241 931 neque
262 855 373 916 acutius
392 853 490 913 ullius.
498 855 683 932 imperatoris
702 855 859 930 cogitatum
875 872 970 933 neque
988 855 1114 916 celerius
1130 856 1236 916 iactum

147 956 265 1016 usquam
280 937 411 1015 legimus.

209 1024 237 1083 7.
253 1021 300 1082 Ab
315 1023 371 1084 hoc
387 1031 481 1082 tamen
497 1024 561 1082 viro
581 1023 717 1100 Sysinas,
731 1025 855 1083 maximo
870 1032 937 1084 natu
953 1023 1045 1100 filius,
1071 1023 1176 1084 desciit
1200 1023 1236 1085 ad

147 1124 308 1185 regemque
327 1108 442 1172 transiit
459 1106 538 1167 etde
554 1107 722 1167 deiectione
738 1109 829 1185 patris
846 1107 956 1168 detulit.
985 1104 1051 1179 Quo
1068 1110 1168 1168 nuntio
1181 1109 1235 1169 Ar·

147 1200 285 1252 taxerxes
301 1199 472 1267 commotus,
488 1190 566 1268 quod
583 1190 776 1268 intellegebat
791 1192 846 1252 sihi
863 1210 927 1252 cum
944 1194 1008 1251 viro
1024 1193 1093 1252 iorti
1112 1211 1145 1252 ac
1161 1203 1235 1254 stre·

146 1294 204 1335 nuo
219 1277 369 1352 negotium
385 1293 465 1351 esse,
487 1276 548 1354 qui,
573 1293 635 1335 curn
657 1278 838 1353 cogitasset,
854 1277 952 1336 iacere
974 1275 1093 1336 auderet
1109 1287 1138 1337 et
1154 1280 1235 1359 prius

146 1361 280 1436 cogitare
296 1378 379 1438 quam
397 1361 495 1419 conari
511 1367 697 1437 consuesset,
716 1360 966 1440 Autophrodatem
981 1363 1010 1420 iu
1025 1357 1236 1440 Cappadociam

145 1445 239 1503 mittit.
269 1444 324 1503 Hic
337 1463 373 1504 ue
389 1445 498 1505 intrare
514 1454 633 1523 posset,
656 1445 777 1522 saltum,
791 1447 819 1504 in
835 1463 892 1525 quo
910 1443 1031 1505 Ciliciae
1048 1455 1153 1524 portae
1170 1455 1236 1508 sunt
1252 1452 1269 1500 2

147 1530 233 1605 sitae,
251 1528 387 1589 Datames
405 1546 623 1608 praeoccupare
639 1529 756 1590 studuit.
787 1528 846 1599 Sed
861 1539 918 1589 tam
936 1530 1032 1590 subito
1049 1533 1150 1610 copias
1168 1550 1236 1592 con·

146 1611 264 1673 trahere
279 1632 336 1673 uon
351 1614 454 1692 potuit.
489 1613 514 1672 A
536 1632 590 1692 qua
611 1633 643 1674 re
662 1613 800 1692 depulsus
817 1633 931 1674 cumea
946 1632 1045 1691 manu,
1069 1633 1152 1693 quam
1169 1635 1236 1676 con·
1254 1620 1270 1671 3

146 1705 287 1775 traxerat,
302 1696 396 1758 locum
411 1698 514 1776 deligit
530 1698 633 1775 talem,
656 1707 687 1758 ut
702 1717 797 1778 neque
813 1700 1013 1758 circumiretur
1034 1698 1069 1758 ab
1092 1699 1236 1777 hostibus,

146 1800 243 1859 neque
260 1784 437 1861 praeteriret
452 1783 653 1860 adversarius,
676 1785 745 1861 quin
760 1783 933 1861 ancipitibus
954 1783 1027 1843 locis
1044 1793 1236 1861 premeretur,

73 1879 75 1883 ⁴
147 1874 196 1941 et,
218 1867 243 1925 si
259 1867 394 1926 dimicare
415 1885 453 1927 eo
475 1867 585 1943 vellet,
611 1884 668 1927 non
683 1866 801 1927 multum
817 1866 926 1928 obesse
945 1866 1096 1926 multitudo
1111 1866 1237 1928 hostiurn

148 1968 219 2010 suae
234 1952 371 2029 paucitati
389 1959 500 2030 posset.

210 2032 238 2094 8.
255 2031 334 2094 Haec
355 2040 411 2095 etsi
432 2033 672 2114 Autophrodates
693 2035 827 2113 videbat,
854 2044 949 2097 tamen
972 2036 1072 2096 statuit
1096 2038 1236 2114 congredi

146 2137 231 2198 quarn
248 2137 311 2179 cum
326 2121 412 2179 tantis
427 2121 521 2198 copiis
536 2120 675 2196 refugere
688 2129 737 2180 aut
756 2120 873 2181 tamdiu
889 2139 945 2180 uno
962 2121 1028 2181 loco
1046 2121 1160 2182 sedere.
1183 2121 1237 2182 lla·
1254 2127 1271 2174 2

146 2203 237 2264 habat
251 2203 438 2264 barbarorum
451 2205 577 2282 equiturn
593 2205 707 2282 viginti,
725 2205 853 2283 pediturn
870 2214 984 2266 centurn
998 2206 1087 2284 milia,
1106 2225 1179 2284 quos
1195 2208 1236 2267 illi

146 2288 282 2348 cardaicas
308 2288 473 2367 appellant,
505 2288 692 2366 eiusdemque
720 2291 839 2366 generis
863 2291 917 2348 tria
943 2290 1020 2349 milia
1047 2292 1236 2358 funditorum
1291 2341 1294 2346 .

147 2381 303 2449 praeterea
320 2368 520 2452 Cappaddcum
537 2382 605 2433 octo
624 2373 712 2451 milia,
733 2373 937 2433 Armeniorum
952 2374 1054 2434 decem
1070 2376 1165 2453 milia,
1185 2376 1237 2435 Pa-

148 2457 323 2535 phlagdnum
340 2459 467 2534 quinque
486 2457 574 2533 milia,
591 2457 737 2535 Phrygum
757 2457 859 2518 decem
874 2458 968 2533 milia,
990 2457 1134 2534 Lydorum
1157 2462 1237 2535 quin-

147 2558 204 2618 que
221 2541 310 2616 milia,
326 2541 542 2619 Aspendiorum
558 2550 588 2600 ct
606 2540 765 2601 Pisidarum
781 2543 900 2601 circiter
919 2543 973 2600 tria
995 2541 1088 2619 milia,
1113 2541 1238 2602 Cilicum

147 2625 219 2703 duo,
250 2623 457 2704 Captianorum
478 2625 615 2703 totidem,
637 2644 676 2685 ex
701 2624 823 2686 Graecia
846 2624 1054 2685 conductorum
1075 2628 1147 2704 tria,
1170 2626 1244 2687 levis

147 2826 195 2879 der
210 2825 321 2879 wahren
336 2825 470 2895 Sacblage
485 2827 514 2878 in
529 2826 681 2880 Kenntnies
708 2826 804 2879 seiten
824 2826 908 2879 durch
929 2827 974 2880 die
993 2827 1177 2882 Oertlichkeit
1198 2830 1245 2883 be-

145 2902 254 2963 gesetat
266 2895 344 2950 habe.
707 2897 810 2963 dringt
822 2897 967 2950 werden“.

179 2967 204 3018 8.
221 2965 346 3019 uattwie
360 2969 390 3032 5,
404 2967 559 3030 5;consilio
573 2965 679 3032 ,‚List“.
740 2975 766 3020 et
789 2996 825 3005 -
850 2975 942 3036 posset
966 2967 1052 3020 bildet
1079 2967 1127 3019 das
1154 2967 1240 3020 dritte

179 3037 254 3104 Quo,
272 3052 295 3089 s.
309 3052 342 3088 zu
358 3035 431 3088 Mitt.
445 3039 476 3102 5,
491 3039 573 3104 baua
586 3053 680 3103 pagna
707 3035 788 3099 Glied
802 3037 849 3088 des
861 3037 911 3088 mit
921 3045 953 3089 at
966 3037 1161 3102 eingeleiteten
1174 3037 1249 3089 Fal-2

144 3104 214 3156 nihil
232 3104 320 3158 adhuc
333 3114 374 3158 est
391 3106 515 3158 nobilius.
538 3135 572 3143 -
593 3121 681 3173 nepae
706 3112 840 3172 gesatzes.
858 3134 892 3144 -
911 3108 1036 3159 dimicare
1049 3108 1139 3170 vellet,
1160 3107 1237 3175 snbj.

145 3202 177 3212 -
191 3173 274 3226 allius
287 3192 418 3244 —neqae
440 3192 514 3242 „ron
527 3174 632 3227 keinem
646 3203 680 3213 -
707 3174 848 3239 Datames;
882 3192 912 3227 eo
941 3175 1053 3228 beziehe
1082 3176 1133 3228 auf
1152 3178 1238 3229 locam

144 3242 237 3295 weder
255 3271 289 3282 —
305 3244 412 3308 noch“;
429 3245 574 3311 cogitatum
585 3244 679 3311 „Eiu-
706 3245 792 3298 talem

145 3313 256 3442 faldlii.
281 3382 321 3432 At
331 3383 381 3434 boc
393 3381 419 3436 d.
436 3381 454 3433 i.
468 3398 484 3434 a
496 3385 583 3437 tanto.
740 3348 773 3412 δ’
788 3347 812 3398 Ῑ·
835 3345 891 3397 V⁰¹
905 3363 986 3414 paam
999 3345 1036 3398 ist
1045 3348 1137 3415 partae
1151 3353 1185 3399 2¹¹
1196 3364 1239 3400 er·

179 3451 294 3502 maximc
311 3459 395 3517 nata,
409 3449 610 3519 gewibnlicher
623 3468 678 3502 ma·
704 3418 825 3483 gimn'
839 3432 895 3476 Μ’
909 3415 968 3468 ’ἰώ
981 3417 1114 3469 meilen
1131 3434 1239 3486 Μεθ’

145 3523 234 3656 {indm
246 3526 330 3580 natm
346 3520 399 3588 Ψ·
409 3538 503 3585 mmm
515 3527 585 3574 nm
596 3519 676 3574 Paus'
705 3484 904 3625 laffiffig·
908 3569 957 3623 mit
970 3569 1028 3623 dem
1039 3569 1242 3640 Nebeubegriff

179 3664 338 3719 commotas,
373 3675 394 3709 s.
422 3674 455 3709 ιιι
482 3657 565 3710 Paus.
591 3662 621 3717 4.
653 3659 679 3710 5.
705 3641 754 3694 ‘¹⁰¹
768 3639 969 3708 Uflihflflsskffi·

146 3727 243 3779 Ordne
257 3728 351 3793 mittit,
370 3729 442 3796 qaod
455 3728 633 3794 intellegebat.
647 3755 680 3765 —
740 3731 766 3778 2.
797 3725 974 3779 barbarorum
1003 3725 1101 3792 gehdrt
1129 3742 1182 3777 nur
1205 3742 1238 3777 ιιι

144 3798 196 3851 eidi
215 3797 350 3862 negotium
367 3815 423 3849 esce
440 3814 490 3863 „er
509 3796 577 3850 habe
598 3815 626 3849 es
647 3812 680 3848 ιιι
706 3796 838 3865 equitum,
859 3811 882 3846 s.
902 3811 936 3848 ιιι
955 3794 1028 3847 Milt.
1047 3799 1078 3859 7,
1098 3797 1122 3854 1,
1139 3825 1172 3833 -
1191 3796 1238 3858 illi,

145 3866 213 3918 thun
222 3869 249 3917 “.
705 3867 822 3932 Persae,
833 3865 889 3932 vgl.
903 3865 1001 3918 Thrae.
1012 3868 1043 3927 4,
1053 3869 1085 3927 23
1099 3866 1238 3930 candaces,

182 3939 205 3988 3.
231 3936 358 4004 depulsas
372 3934 400 3988 d.
414 3934 432 3985 i.
448 3933 610 4002 prohibitus.
707 3952 775 3990 aaa
792 3934 1078 4000 paroemiarum

181 4005 247 4074 puin
266 4000 356 4069 „ohne
376 4005 454 4071 dass,
477 4004 546 4057 ohne
561 4005 627 4056 eu“.
647 4032 681 4041 —
743 4005 982 4069 eiusdemmodi,
996 4003 1074 4056 nimi.
1086 4000 1238 4053 carducum.

148 4075 311 4144 ancipitibus
324 4075 388 4129 iacis
399 4075 487 4143 premi
497 4090 571 4142 „ron
584 4073 681 4126 beiden
742 4092 776 4128 ea
789 4075 902 4126 Graecia
914 4076 1119 4137 conductorem,
1130 4070 1175 4123 die
1184 4070 1239 4123 Be-

977 4148 1037 4230 fi*
